3036 4844
673 261 866 321 ...g-

182 455 314 521 nomine
342 452 444 535 Oyrni
465 452 517 517 vel
541 451 734 536 Polypaidis
756 456 872 516 notata
894 451 960 516 sint
982 451 1126 533 genuina
1147 471 1218 516 esse
1240 449 1357 515 funda·

182 572 395 650 mentumque
416 565 546 629 firmum
563 563 659 628 nobis
678 562 847 646 praebere,
867 563 901 626 in
917 583 983 646 quo
998 561 1115 646 pedem
1130 561 1232 643 figere
1253 560 1358 643 possi-

184 699 265 742 mus.
297 675 415 760 Neque
437 696 515 740 vero
538 673 614 739 inde
637 673 789 754 efficitur,
812 673 901 756 quod
924 673 1043 740 Sitzler
1063 672 1148 737 falso
1170 672 1357 750 affirmavit,

182 794 293 852 cetera
317 787 427 852 omnia
445 787 592 851 carmina
613 805 699 867 quae
715 790 774 849 aut
789 805 907 849 nomen
922 782 1026 867 (lyrni
1048 803 1113 847 non
1135 781 1279 847 habeant
1300 787 1359 846 aut

182 895 274 960 aliud
295 917 414 961 nomen
434 917 515 980 prae
537 917 571 961 ee
601 893 718 969 ferant,
742 895 925 958 necessario
948 894 1060 977 spuria
1083 913 1154 958 esse
1170 898 1204 971 1).
1250 892 1357 957 Immo

182 1029 221 1072 ex
243 1029 271 1074 v.
289 1012 329 1071 23
351 1007 574 1090 Theognidem
602 1005 845 1071 evidentissime
875 1009 1015 1088 apparet
1043 1005 1108 1068 iam
1131 1009 1202 1068 tum
1224 1011 1357 1086 poetam

182 1118 306 1184 clarum
322 1120 432 1199 fuisse,
453 1119 475 1186 i.
499 1139 526 1185 e.
548 1119 613 1181 iam
631 1123 786 1199 poemata
802 1116 835 1180 in
856 1114 1026 1199 publicum
1048 1114 1190 1180 edidisse
1202 1117 1234 1196 2).
1277 1111 1357 1197 Qui·

181 1229 242 1294 bus
273 1250 313 1294 ex
342 1228 541 1294 carminibus
572 1248 645 1292 cum
676 1226 834 1304 nonnulla
864 1247 884 1292 a
913 1228 1020 1310 poetis
1050 1227 1146 1290 malis
1168 1224 1257 1290 furto
1280 1225 1356 1290 sub·

182 1339 281 1405 ducta
314 1345 439 1418 essent,
468 1338 553 1402 hanc
578 1358 696 1403 novam
724 1359 824 1420 quam
854 1338 1039 1420 composuit
1072 1336 1219 1420 syllogen
1248 1334 1357 1419 Oyrno

182 1450 330 1515 dicatam
352 1454 442 1513 certo
464 1448 573 1530 sigillo
595 1449 730 1514 notavit.

267 1556 386 1641 Neque
410 1579 535 1641 paucae
555 1566 631 1624 sunt
653 1559 775 1639 elegiae
790 1579 872 1641 quas
888 1578 1088 1641 quamquam
1104 1558 1237 1622 nomine
1255 1556 1356 1640 (lyrni

90 1739 92 1743 y
180 1675 318 1733 careant
339 1675 450 1734 tamen
473 1690 493 1734 a
514 1676 613 1754 poeta
636 1669 823 1752 Megarensi
844 1667 1009 1752 profectas
1026 1689 1098 1733 esse
1114 1668 1267 1752 equidem
1288 1689 1356 1732 cre·

179 1781 264 1845 dam.
304 1779 600 1861 [1111773-82,
624 1781 664 1846 de
687 1780 806 1864 quibus
829 1780 927 1845 bodie
946 1779 1000 1843 vix
1020 1780 1193 1863 quisquam
1217 1778 1356 1858 dubitat,

181 1891 299 1958 deinde
329 1893 760 1976 111048-5811611111
784 1891 1054 1972 commemoravi,
1083 1911 1182 1974 porro
1205 1894 1355 1954 97—100

179 2024 240 2069 nec
263 2005 370 2068 minus
385 2025 435 2071 vv.
453 2006 622 2066 197-208
636 2024 720 2086 quos
740 2023 814 2066 cum
833 2001 981 2067 versibus
1001 2005 1148 2066 713-56
1172 2022 1249 2066 sane
1271 2022 1291 2066 a
1307 2023 1355 2065 vv.

181 2117 328 2178 743-12
367 2112 577 2178 secernendis
615 2114 650 2176 in
687 2134 786 2176 unam
826 2111 965 2192 elegiam
1003 2112 1249 2194 coniungendos
1284 2132 1355 2177 esse

180 2224 319 2288 conicio.
364 2223 491 2291 Versus
521 2228 632 2287 autem
661 2221 777 2304 991100
800 2227 834 2286 61
857 2222 949 2303 75516
972 2229 1050 2304 apte
1077 2224 1244 2308 11113718
1268 2229 1391 2288 com-*⁵

178 2335 289 2416 parari
326 2354 422 2418 posse
459 2355 553 2398 nemo
590 2332 725 2414 negabit
759 2331 815 2412 (cf.
846 2333 946 2397 etiam
976 2332 1077 2398 verba
1106 2340 1205 2398 ταῦτα
1236 2337 1353 2417 μαθών

180 2447 219 2507 37
251 2448 428 2522 61753)).
484 2443 692 2526 Quamquam
724 2444 885 2527 optimum
919 2422 996 2510 esse
1021 2444 1105 2508 duco
1138 2466 1198 2510 nos
1234 2446 1355 2513 finibus

178 2553 422 2634 angustioribus
451 2555 592 2637 ideoque
621 2554 817 2619 certioribus
847 2556 1006 2620 contineri
1036 2561 1069 2620 et
1104 2557 1150 2620 eis
1181 2565 1365 2624 contentos*

179 2684 250 2728 esse
275 2665 424 2729 versibus
453 2686 535 2748 quos
562 2671 662 2749 poeta
691 2665 823 2730 nomine
853 2665 954 2728 amati
977 2666 1130 2748 apposito
1153 2687 1231 2732 suos
1255 2670 1354 2752 signi-

177 2773 336 2840 ficaverit.
374 2776 452 2842 Hoc
469 2793 558 2842 recte
575 2782 772 2841 monuerunt
792 2776 891 2840 611111
902 2775 1016 2858 Bergk
1030 2782 1073 2856 (p.
1089 2779 1164 2862 314)
1181 2784 1215 2842 61
1227 2779 1354 2846 Beloch

178 2883 348 2970 (111111.
372 2888 464 2952 blase.
488 2887 570 2953 Phil.
595 2891 677 2951 1888
699 2909 730 2971 p.
749 2892 834 2968 730).
878 2887 1078 2952 Τ11161161
1101 2895 1257 2953 nontam
1280 2893 1355 2955 sim·

176 2997 308 3079 pliciter
330 2997 493 3079 sehabet,
522 3020 600 3063 nam
620 3006 854 3083 praeterquam
877 2999 967 3083 quod
985 2997 1134 3063 nonnulli
1156 2999 1261 3064 critici
1283 3002 1354 3083 qui·

176 3106 318 3172 busdam
345 3110 428 3174 locis
457 3130 576 3175 nomen
599 3108 699 3193 Oyrni
721 3111 755 3174 in
778 3112 998 3193 suspicionem
1019 3110 1197 3192 1111114),
1229 3112 1352 3196 elegiae

177 3238 241 3281 non
263 3239 388 3299 paucae
410 3220 511 3284 etiam
534 3220 607 3283 aliis
635 3219 886 3285 difficultatibus
908 3221 1074 3286 laborent.
1119 3221 1241 3304 Itaque
1263 3221 1353 3287 haud

266 3444 289 3512 ¹)
308 3443 339 3498 P.
352 3447 386 3498 311
404 3447 490 3499 6135.
526 3446 567 3500 Of.
586 3446 680 3500 Hiller
696 3465 723 3516 p.
736 3450 796 3502 474.

263 3529 287 3598 θ)
305 3529 419 3599 Optimo
437 3530 497 3583 inre
515 3532 641 3601 plerique
659 3533 713 3587 viri
731 3532 808 3586 docti
819 3530 1010 3602 Theognidem
1027 3531 1170 3599 ὑποθήκας
1188 3537 1225 3590 ele
1238 3535 1353 3603 Κύρνον

175 3619 267 3670 aetate
283 3621 455 3685 provectum,
473 3616 590 3671 fortasse
607 3619 662 3672 iam
680 3633 774 3672 senem
791 3619 933 3688 scripsisse
950 3619 1120 3675 existimant.
1156 3620 1352 3674 Schneidewin

174 3720 201 3771 p.
214 3705 256 3769 47,
274 3701 398 3755 Leutsch
416 3701 488 3755 Phil.
506 3700 609 3755 XXIX
626 3721 654 3772 p.
667 3703 726 3769 513,
745 3703 839 3773 Bergk
856 3721 883 3772 p.
894 3706 955 3760 320.

262 3788 283 3853 ³)
301 3787 515 3858 Appellationes
533 3806 559 3857 q.
578 3805 598 3842 s.
617 3785 676 3856 φίλε
701 3794 730 3843 11
753 3789 805 3858 φίλ’
830 3791 920 3856 &arpa
946 3805 1034 3859 paene
1058 3786 1142 3841 credo
1167 3788 1203 3842 ad
1228 3790 1352 3857 Cyrnum

174 3874 325 3942 pertinere.
361 3874 419 3928 Sed
442 3874 553 3928 obstare
575 3874 689 3928 videtur
706 3876 782 3944 quod
799 3877 888 3931 1753
912 3892 969 3928 non
992 3870 1051 3941 φίλε
1070 3869 1163 3939 Κύρνε
1187 3872 1354 3927 dictumest

174 3962 206 4011 ut
223 3964 344 4013 metrum
369 3960 530 4028 patiebatur
552 3959 595 4030 (ut
613 3962 661 4015 181
680 3965 710 4014 et
726 3962 796 4031 339).
831 3960 913 4028 Quod
936 3959 1097 4013 coniectura
1122 3955 1273 4010 restituere
1297 3974 1352 4010 non

173 4043 271 4098 audeo.
306 4045 355 4098 Ad
372 4061 483 4099 versum
500 4049 594 4099 autem
611 4047 645 4098 98
664 4040 791 4100 conferes
808 4063 833 4100 v.
846 4045 912 4097 1138
931 4061 966 4098 ex
985 4041 1109 4095 carmine
1128 4057 1193 4094 sane
1212 4043 1315 4112 spurio.

259 4129 283 4197 ι)
301 4129 436 4200 Hartung
461 4131 497 4185 ad
520 4148 544 4185 v.
565 4133 630 4199 2133
665 4131 771 4184 Usener
796 4127 894 4184 Jahrb.
919 4127 943 4194 f.
966 4127 1051 4182 11111.
1070 4124 1146 4180 Pbs'l.
1167 4128 1233 4181 1878
1252 4147 1280 4198 p.
1302 4132 1349 4195 7ος

174 4211 306 4268 Immisch
323 4215 343 4268 l.
362 4232 384 4269 c.
403 4234 431 4284 p.
443 4218 478 4270 94
495 4215 557 4270 adn.
569 4219 594 4270 a.
