3036 4844
660 273 867 333 ...4ss-

174 484 216 547 ῳε
235 464 314 540 3403
338 485 373 547 p:
394 463 472 541 2473
495 487 530 546 ῃι
551 466 629 542 162;
652 467 765 543 o1383
790 487 826 548 p:
844 463 915 548 41).
959 463 1056 528 Haec
1073 463 1261 529 observatio
1278 466 1355 548 ipsa

174 592 253 637 sane
267 573 375 653 magni
388 573 547 638 momenti
561 578 621 638 est.
649 572 793 641 Videtur
801 574 904 638 ,etiam
917 595 1016 638 causa
1031 574 1185 656 quadam,
1199 574 1355 640 videlicet

172 683 208 747 in
238 689 358 747 natura
389 683 549 747 vocalium
580 685 705 767 posita,
737 684 902 748 adductus
932 684 1100 750 Homerus
1131 706 1201 751 esse
1229 692 1267 750 ut
1305 686 1354 750 di·

173 793 358 876 phthongos
374 815 473 876 quam
489 796 618 860 vocales
634 795 750 879 longas
769 797 931 877 corripere
947 774 1070 860 mallet.
1102 778 1202 860 Hanc
1218 816 1354 860 causam

173 906 206 968 in
230 906 422 988 quaestione
453 906 616 988 sagaciter
646 906 800 971 instituta
820 904 942 971 Hartel
972 926 1036 989 qua
1066 911 1115 970 est
1138 905 1292 971 doctrina
1320 913 1355 972 et

174 1036 273 1081 sensu
296 1037 404 1080 rerum
428 1018 638 1082 metricorum
655 1017 768 1081 subtili
784 1017 923 1083 edocere
942 1023 1080 1082 conatus
1100 1024 1159 1098 est,
1180 1038 1253 1082 cum
1276 1026 1354 1083 con'-

172 1125 326 1190 tenderet
347 1126 623 1210 diphthongorum
646 1154 689 1208 αι,
712 1153 750 1204 οι,
782 1154 819 1210 ει,
850 1152 894 1208 oo,
922 1151 956 1192 ευ
984 1128 1134 1193 vocalem
1156 1128 1294 1193 alteram
1319 1130 1352 1193 in

173 1238 400 1302 semivocalem
422 1240 591 1317 transisse,
622 1239 690 1305 soil.
724 1239 824 1304 verba
852 1260 935 1322 quae
963 1245 1100 1303 exarata
1129 1244 1206 1304 sunt
1227 1236 1353 1317 ἔσχατοι

175 1343 298 1430 ἀνδρῶν
315 1352 461 1415 sonuisse
476 1349 742 1436 ἕσχοτο-Ᾱονδριῦν
763 1350 826 1430 (vel
841 1348 1144 1433 inxuroi-jurtipuiv),
1166 1349 1246 1414 item
1265 1363 1352 1433 quac

173 1457 329 1540 leguntur
351 1458 389 1544 ἤν
411 1481 473 1525 που
495 1457 612 1546 α’κούοῃ
632 1462 852 1545 pronunciata
874 1459 976 1524 fuisse
998 1457 1036 1545 ἢν
1056 1460 1258 1545 iro-functum
1286 1460 1352 1545 (ve'l

172 1566 211 1653 ἥν
227 1568 472 1655 ποῦ-Ρακούοῃ).
504 1572 719 1654 Acceperunt
730 1572 792 1635 viri
808 1570 899 1635 docti
911 1571 1106 1636 sententiam
1120 1572 1209 1653 quod
1220 1571 1351 1637 videam

173 1681 281 1745 critici
297 1701 420 1761 omncs,
436 1680 587 1761 Grulich,
607 1680 729 1763 Christ,
747 1682 870 1764 Meyer,
894 1680 1067 1746 Rossba'ch
1084 1688 1118 1746 ct
1132 1682 1349 1766 Westpha12).

171 1789 294 1856 Hartel
316 1793 417 1874 igitur
439 1792 516 1858 inde
531 1793 699 1877 profectus
721 1798 759 1857 ut
781 1813 915 1858 causam
934 1793 1151 1876 correptionis
1175 1793 1351 1875 inveniret,

173 1922 211 1967 eo
234 1904 382 1985 pervenit
404 1909 442 1968 ut
466 1905 704 1987 correptionem
729 1905 827 1986 plane
849 1903 990 1969 tolleret.
1034 1902 1122 1968 Nam
1152 1903 1180 1968 si
1205 1924 1350 1987 pronun·

172 2014 279 2079 ciatur
296 2012 395 2099 ἄνδρα
409 2015 602 2096 μο-Ῐέττετιε,
622 2036 686 2080 non
702 2016 769 2080 iam
784 2015 909 2080 vocalis
920 2015 1021 2097 longa
1037 2014 1215 2097 corripitur
1230 2017 1349 2080 omnis·

171 2147 236 2210 que
258 2125 370 2190 hiatus
393 2124 543 2190 sublatus
566 2132 626 2190 est.

256 2235 383 2302 Eodem
412 2236 522 2301 studio
546 2235 684 2302 Grulich
713 2237 842 2321 longius
872 2242 1048 2320 provectus
1075 2235 1203 2301 vocales
1233 2236 1350 2320 longas

170 2370 197 2409 ω
218 2371 245 2431 ῳ
266 2370 284 2432 ῃ
305 2371 324 2432 ῃ
347 2366 432 2429 quae
454 2346 516 2411 illa
537 2348 666 2412 ratione
688 2348 848 2413 removeri
870 2369 937 2413 non
959 2352 1121 2432 poterant,
1146 2367 1220 2411 cum
1242 2346 1350 2411 vocali

170 2455 263 2521 brevi
274 2455 495 2538 subsequente
508 2478 566 2540 per
578 2459 748 2540 synizesim
757 2457 1003 2539 coniungendas
1010 2459 1138 2525 censuit
1147 2465 1193 2542 (p.
1203 2462 1244 2522 60
1253 2463 1349 2540 sqq.),

170 2571 208 2631 ut
228 2566 334 2654 Κρήτῃ
355 2565 383 2632 'r
397 2565 501 2652 εὐρείῃ
522 2589 583 2652 pro
599 2567 706 2655 Κρήτῃ
723 2568 756 2633 ἐν
776 2567 880 2654 εὐρείῃ
895 2569 1096 2652 legeremus;
1120 2589 1219 2652 porro
1234 2594 1247 2633 ι
1261 2570 1349 2633 inter

170 2683 407 2743 consonantem
435 2687 468 2745 et
490 2680 636 2746 vocalem
656 2682 690 2744 in
707 2681 728 2763 j
753 2683 874 2747 mutari
899 2681 979 2761 vult,
1001 2681 1092 2764 ὄεξβῃ
1115 2677 1296 2766 ἠσπάζοντο,
1316 2682 1351 2744 οἳ

169 2788 224 2875 βῃῃ
247 2789 292 2855 εἰν
306 2787 407 2874 ἀγορῇ
424 2797 496 2873 etc,
519 2792 576 2856 ubi
590 2814 651 2876 pro
666 2791 813 2858 hiatibus
827 2792 928 2858 licitis
943 2791 1020 2857 novi
1034 2790 1146 2855 hiatus
1164 2789 1348 2856 foedissimi

170 2904 330 2968 oriuntur.
368 2899 456 2984 Quin
473 2903 572 2967 etiam
584 2910 735 2970 monstra
753 2925 905 2970 versuum
921 2923 1056 2970 caesura
1070 2902 1219 2983 legitima
1235 2921 1347 2965 ceren·

168 3014 250 3080 tium
270 3035 335 3079 non
359 3015 481 3079 veritus
505 3020 554 3079 est
576 3035 704 3082 creare:

283 3159 310 3214 Φ
332 3154 412 3215 483:
434 3150 598 3237 τοξοφόρῳ
621 3173 681 3236 περ
701 3151 792 3236 ἐούοῃ
814 3148 880 3215 ’mee'
899 3170 933 3214 σε
956 3150 1065 3216 λέοντα
1085 3149 1230 3233 γυναιξίν.

169 3294 262 3378 Quae
303 3297 389 3359 enim
428 3295 472 3360 ad
516 3294 748 3361 difficultatem
788 3293 968 3359 tollendam
1002 3315 1034 3375 p.
1058 3295 1099 3357 63
1122 3314 1171 3375 sq.
1205 3290 1346 3375 profert,

167 3403 259 3468 nullo
281 3402 378 3468 modo
400 3403 571 3487 probanda
594 3409 682 3469 sunt.
718 3403 833 3469 Pauca
848 3404 997 3488 exempla
1011 3424 1107 3470 verae
1126 3403 1348 3485 correptionis

168 3514 317 3581 Homero
336 3515 481 3597 reliquit,
504 3537 620 3598 nempe
639 3535 677 3579 ea
692 3536 777 3597 quae
793 3515 962 3580 molimina
976 3514 1037 3579 viri
1059 3512 1148 3578 docti
1162 3513 1345 3594 irriderent,

167 3631 205 3692 ut
227 3619 324 3712 rium]
345 3623 378 3689 ἐν
399 3630 551 3709 tretecor.
588 3624 694 3693 Vides
717 3647 783 3708 quo
807 3625 952 3691 studium
974 3624 1016 3689 ab
1037 3623 1196 3689 Hartelio
1211 3644 1345 3707 suscep-

167 3743 237 3803 tum
260 3735 398 3802 durent.
445 3737 520 3803 Mea
543 3737 676 3820 quidem
700 3738 863 3803 sententia
886 3736 1022 3802 dubium
1047 3757 1117 3801 esse
1140 3756 1206 3799 non
1227 3741 1344 3819 potest,

255 3979 278 4047 ι)
297 3977 338 4032 cf.
358 3976 460 4031 Hartel
476 3975 509 4029 Π
526 3994 554 4045 p.
567 3976 626 4030 331.

253 4062 276 4132 ’)
295 4062 415 4118 Grulich
438 4080 466 4132 p.
478 4063 527 4129 al;
553 4061 647 4116 christ
674 4059 799 4115 Morsu·
822 4059 904 4130 §353
929 4059 1026 4127 Meyer
1049 4058 1148 4113 Jahrb.
1170 4059 1193 4126 f.
1218 4057 1292 4112 Phil.
1316 4074 1344 4113 u.

166 4149 272 4220 Puuay.
292 4150 341 4204 111
359 4166 387 4218 p.
399 4150 460 4214 447,
477 4147 577 4214 oricula
594 4145 768 4216 Grumm.'§
788 4147 851 4212 1543
869 4143 1015 4199 Rossbach
1027 4161 1053 4199 u.
1068 4142 1214 4213 Westphal
1230 4142 1347 4197 Thouria

166 4233 215 4289 der
231 4234 386 4290 musiechen
406 4232 536 4289 Krlnrte⁸
553 4231 601 4288 ΙΠ
620 4234 634 4286 1
653 4250 679 4301 p.
694 4233 745 4286 lna
753 4248 812 4299 sqq.
