3036 4844
658 246 871 307 „42-

174 440 248 522 fuit,
271 446 308 506 ut
330 440 496 506 hominem
518 440 708 524 loquentem
734 460 790 505 ore
812 438 906 505 valde
929 439 1035 504 hianti
1057 439 1212 523 pinxerit.
1257 442 1352 508 Alte·

174 573 246 617 rum
276 552 367 634 quod
388 551 557 618 Kochlero
588 551 690 617 obicit
712 549 824 615 Hiller
850 551 912 616 hoc
934 556 1000 631 est,
1032 550 1249 636 superlativos
1279 553 1351 619 eius

174 664 303 746 generis
333 684 407 729 cum
429 662 580 745 genetivo
604 660 760 744 partitive
784 666 853 726 tam
876 661 1049 728 sollemnes
1074 684 1163 738 esse,
1192 669 1229 728 ut
1251 685 1351 730 unus·

175 776 313 859 quisque
341 774 464 857 fingere
486 773 649 857 potuerit;
689 771 903 856 quamobrem
934 773 1090 855 pictorem
1124 793 1191 839 non
1214 780 1351 858 poetam

173 886 276 952 ullum
316 885 479 970 respicere
519 883 648 949 debere.
706 882 852 966 Ocllegit
892 883 992 949 etiam
1034 884 1181 968 exempla
1214 892 1350 972 septem,

172 995 338 1063 κάλλισται
352 997 475 1062 παίδων
490 995 641 1076 (Theocr.
659 999 708 1077 15,
722 995 789 1079 62),
805 985 983 1078 dasburc
1000 992 1130 1080 ἀνδρῶν,
1155 986 1182 1060 ὦ
1195 998 1351 1080 βέλτιστοι

172 1114 235 1171 τῶν
257 1103 411 1194 Ἑλλήνων
433 1115 493 1174 etc.
518 1128 569 1189 ap.
595 1107 700 1186 Plat,
731 1097 759 1170 ὦ
780 1103 897 1170 κάκιστ’
918 1101 1041 1190 ἀνδρῶν
1063 1104 1180 1190 (Soph.
1204 1108 1350 1175 Philoct.

174 1219 249 1304 974)
273 1224 335 1285 etc.
390 1216 455 1284 Sed
496 1218 607 1283 nescio
641 1217 805 1301 quomodo
839 1218 946 1283 virum
980 1216 1113 1281 doctum
1148 1216 1264 1301 effugit
1299 1221 1350 1285 his

174 1331 328 1413 exemplis
358 1350 393 1394 se
420 1329 538 1395 refelli.
583 1328 625 1393 In
656 1328 807 1393 omnibus
830 1329 916 1393 enim
945 1328 1115 1410 genetivus
1142 1330 1350 1412 postpositus

174 1446 239 1520 est,
270 1446 308 1503 ut
338 1440 423 1505 hanc
453 1441 584 1507 solitam
613 1459 685 1504 esse
708 1438 964 1504 collocationem
987 1439 1176 1521 suspiceris.
1222 1439 1349 1507 Nostro

173 1551 244 1616 solo
273 1551 344 1617 loco
375 1549 458 1632 (scil.
477 1550 512 1613 in
534 1551 626 1635 vase)
651 1536 855 1634 antepositus
879 1557 946 1631 est,
978 1557 1077 1635 alque
1105 1551 1154 1614 ita
1175 1556 1213 1615 ut
1234 1573 1349 1618 versus

171 1682 248 1744 pars
280 1661 422 1741 oriatur3
461 1661 675 1744 quamobrem
707 1683 770 1726 non
798 1681 932 1744 prosam
960 1663 1144 1727 orationem
1172 1668 1209 1726 ut
1240 1661 1351 1728 Hiller

171 1773 257 1852 vult,
286 1772 345 1837 sed
373 1793 502 1837 versum
531 1774 564 1836 in
594 1778 710 1855 patera
740 1778 868 1836 exstare
897 1776 954 1836 tuo
985 1772 1056 1837 iure
1087 1772 1235 1855 colligas.
1282 1773 1350 1841 Sed

171 1885 236 1949 iam
264 1884 342 1948 satis
374 1881 480 1947 multa
503 1882 543 1948 de
567 1905 611 1949 re.
658 1881 742 1947 Oum
765 1903 805 1947 ea
835 1902 919 1964 quae
949 1881 1129 1947 adversarii
1157 1883 1350 1950 obiecerunt

172 1995 253 2059 nihil
273 1994 415 2075 valeant,
439 1994 638 2058 sententiam
657 1993 817 2060 Koehleri
833 1995 1005 2058 maximam
1022 1993 1144 2058 habere
1165 1994 1348 2077 probabili·

172 2111 275 2171 tatem
297 2125 409 2170 omnes
432 2112 540 2169 mente
563 2126 628 2169 non
651 2109 896 2188 praeoccupata
922 2102 1105 2170 iudicantes
1129 2125 1347 2172 concessuros

171 2236 279 2299 spero.
314 2214 488 2297 Equidem,
512 2215 599 2297 quod
615 2214 657 2279 ad
674 2235 734 2294 me,
759 2215 837 2278 mihi
859 2217 1007 2296 persuasi
1030 2215 1191 2298 pictorem
1214 2216 1347 2282 initium

171 2347 282 2391 versus
304 2326 380 2389 libri
401 2331 423 2409 β
444 2330 525 2389 1365
550 2326 732 2409 scripsisse.
778 2323 987 2407 Quamquam
1010 2346 1074 2389 non
1098 2331 1166 2390 tam
1186 2332 1277 2392 certa
1295 2349 1349 2394 res

173 2444 233 2521 est,
256 2443 294 2501 ut
318 2457 429 2501 omnes
452 2438 614 2519 postulem
634 2434 722 2500 idem
743 2455 934 2518 persuasum
957 2434 1110 2502 habeant.

256 2546 371 2631 Atque
394 2569 466 2612 oum
488 2547 583 2612 nobis
606 2546 688 2612 haec
710 2547 866 2630 temporis
882 2545 1007 2609 indicia
1029 2545 1163 2613 maioris
1185 2569 1255 2614 esse
1278 2570 1346 2615 mo·

171 2659 273 2724 menti
296 2658 479 2737 videantur,
497 2680 597 2743 quam
620 2679 703 2742 quas
723 2657 900 2722 adversarii
914 2677 1028 2721 causas
1045 2656 1187 2723 afferunt
1202 2665 1236 2725 et
1252 2662 1348 2744 quasi

170 2770 295 2835 dictata
317 2770 467 2854 magistri
488 2773 649 2850 recinunt,
672 2774 857 2852 perstamus
879 2769 913 2831 in
936 2769 1101 2833 sententia
1124 2776 1249 2851 nostra,
1273 2772 1344 2837 scil.

169 2881 291 2947 librum
313 2887 336 2965 β
361 2905 425 2948 non
456 2882 497 2947 ab
521 2903 586 2948 uno
609 2880 740 2946 homine
770 2880 928 2962 scriptum
953 2880 1009 2962 qui
1037 2881 1214 2962 genuinum
1238 2879 1346 2948 Theo·

170 2994 300 3074 guidem
330 2994 477 3059 imitatus
506 2994 549 3059 sit
575 2993 627 3058 vel
655 2991 794 3075 parodia
825 2990 1040 3074 expresserit,
1080 2992 1178 3056 immo
1206 2991 1346 3058 eandem

170 3126 241 3170 esse
273 3105 502 3170 condicionem
531 3103 608 3170 libri
637 3105 739 3168 nostri
771 3102 975 3184 eundemque
1000 3107 1122 3167 statum
1147 3110 1246 3186 atque
1268 3103 1346 3169 libri

168 3217 277 3299 primi,
300 3217 413 3299 itaque
437 3215 622 3281 confectum
648 3234 718 3279 esse
735 3236 774 3279 ex
790 3213 1013 3296 compluribus
1037 3211 1218 3295 florilegiis.
1252 3211 1346 3295 Quae

169 3327 334 3390 sententia
364 3326 416 3390 his
447 3327 545 3391 etiam
570 3326 675 3406 magis
699 3324 886 3388 confirmari
909 3324 1052 3388 videtur:
1087 3324 1253 3390 Nonnulli
1274 3347 1345 3392 uer·

169 3457 224 3500 sus
254 3456 320 3501 non
351 3438 414 3501 nisi
443 3437 629 3519 fragmenta
659 3435 836 3518 elegiarum
874 3456 961 3499 nunc
999 3434 1243 3518 deperditarum
1275 3456 1346 3502 esse

168 3546 337 3627 ridentur,
367 3569 415 3611 vv.
434 3548 556 3629 1247ss,
584 3546 715 3630 135718,
747 3545 813 3609 alii.
859 3545 1014 3610 Disticha
1035 3546 1156 3610 iterata
1180 3546 1344 3630 quomodo

168 3658 379 3741 interpretari
402 3657 576 3740 possimne,
600 3678 698 3740 supra
719 3655 842 3721 dictum
866 3662 909 3739 (p.
927 3661 966 3721 33
980 3656 1074 3741 squ).
1109 3657 1215 3721 Porro
1232 3678 1344 3724 versus

169 3769 353 3853 complures
377 3769 521 3834 arcticos
544 3767 621 3832 libri
645 3767 741 3850 primi
765 3767 879 3832 similis
902 3774 1000 3832 notae
1023 3774 1123 3850 atque
1146 3775 1277 3834 nostros
1305 3789 1345 3833 ex

168 3881 292 3947 eisdem
315 3880 462 3946 fontibus
485 3880 621 3946 haustos
645 3880 800 3960 conicias,
823 3899 936 3943 versus
960 3877 1033 3942 dico
1057 3882 1236 3960 1091-94,
1261 3883 1344 3944 1095

167 3997 296 4057 -1100
330 4014 412 4077 quos
449 3992 694 4075 coniungendos
733 4011 849 4056 censeo
886 4009 959 4053 cum
991 3988 1187 4070 Welckero,
1220 3993 1342 4073 llcllt.

168 4102 321 4186 Denique
340 4103 545 4168 diversorum
560 4109 731 4187 poetarum
747 4121 864 4166 manus
880 4099 1073 4180 dignoscere
1090 4100 1176 4165 licet.
1212 4099 1343 4166 Solonis

167 4220 242 4278 sunt
266 4216 387 4299 1253s4.
425 4212 601 4279 Distichon
623 4218 734 4278 autem
749 4233 889 4294 sequens
912 4210 1046 4275 fuerunt
1069 4211 1125 4292 qui
1147 4209 1189 4276 ab
1211 4210 1344 4278 homine
