<?xml version="1.0" encoding="UTF-8"?>
<!DOCTYPE html PUBLIC "-//W3C//DTD XHTML 1.0 Transitional//EN"
    "http://www.w3.org/TR/xhtml1/DTD/xhtml1-transitional.dtd">
<html xmlns="http://www.w3.org/1999/xhtml" xml:lang="en" lang="en">
 <head>
  <title>
</title>
<meta http-equiv="Content-Type" content="text/html;charset=utf-8" />
  <meta name='ocr-system' content='tesseract 3.04.00' />
  <meta name='ocr-capabilities' content='ocr_page ocr_carea ocr_par ocr_line ocrx_word'/>
</head>
<body>
  <div class='ocr_page' id='page_1' title='image "./studiatheognide00lucagoog_0033.png"; bbox 0 0 3030 4846; ppageno 0'>
   <div class='ocr_carea' id='block_1_1' title="bbox 651 245 863 308">
    <p class='ocr_par' dir='ltr' id='par_1_1' title="bbox 651 245 863 308">
     <span class='ocr_line' id='line_1_1' title="bbox 651 245 863 308; baseline 0 -17"><span class='ocrx_word' id='word_1_1' title='bbox 651 245 863 308; x_wconf 72' lang='lat'><strong>..24-</strong></span> 
     </span>
    </p>
   </div>
   <div class='ocr_carea' id='block_1_2' title="bbox 162 436 1412 3068">
    <p class='ocr_par' dir='ltr' id='par_1_2' title="bbox 162 436 1412 2400">
     <span class='ocr_line' id='line_1_2' title="bbox 162 436 1344 523; baseline 0.001 -20"><span class='ocrx_word' id='word_1_2' title='bbox 162 441 245 519; x_wconf 82' lang='lat' dir='ltr'><strong>tias3</strong></span> <span class='ocrx_word' id='word_1_3' title='bbox 268 440 429 523; x_wconf 80' lang='lat' dir='ltr'>plerique,</span> <span class='ocrx_word' id='word_1_4' title='bbox 457 444 495 502; x_wconf 91' lang='lat' dir='ltr'><strong>ut</strong></span> <span class='ocrx_word' id='word_1_5' title='bbox 516 461 578 503; x_wconf 80' lang='lat' dir='ltr'><strong>van</strong></span> <span class='ocrx_word' id='word_1_6' title='bbox 602 438 661 504; x_wconf 91' lang='lat' dir='ltr'><strong>der</strong></span> <span class='ocrx_word' id='word_1_7' title='bbox 685 439 757 522; x_wconf 84' lang='lat' dir='ltr'><strong>May</strong></span> <span class='ocrx_word' id='word_1_8' title='bbox 781 439 892 504; x_wconf 93' lang='lat' dir='ltr'><strong>Hiller</strong></span> <span class='ocrx_word' id='word_1_9' title='bbox 914 436 1023 504; x_wconf 82' lang='lat' dir='ltr'><strong>Oouat</strong></span> <span class='ocrx_word' id='word_1_10' title='bbox 1042 438 1200 520; x_wconf 83' lang='lat' dir='ltr'><strong>Oorsenn,</strong></span> <span class='ocrx_word' id='word_1_11' title='bbox 1227 441 1344 505; x_wconf 88' lang='lat' dir='ltr'><strong>sinon</strong></span> 
     </span>
     <span class='ocr_line' id='line_1_3' title="bbox 165 549 1343 634; baseline 0.002 -20"><span class='ocrx_word' id='word_1_12' title='bbox 165 556 271 615; x_wconf 91' lang='lat' dir='ltr'><strong>totum</strong></span> <span class='ocrx_word' id='word_1_13' title='bbox 296 550 432 632; x_wconf 89' lang='lat' dir='ltr'><strong>librum,</strong></span> <span class='ocrx_word' id='word_1_14' title='bbox 467 557 502 615; x_wconf 93' lang='lat' dir='ltr'><strong>at</strong></span> <span class='ocrx_word' id='word_1_15' title='bbox 532 550 708 614; x_wconf 86' lang='lat' dir='ltr'><strong>maximam</strong></span> <span class='ocrx_word' id='word_1_16' title='bbox 729 556 859 632; x_wconf 89' lang='lat' dir='ltr'><strong>partem</strong></span> <span class='ocrx_word' id='word_1_17' title='bbox 882 549 924 614; x_wconf 90' lang='lat' dir='ltr'><strong>ab</strong></span> <span class='ocrx_word' id='word_1_18' title='bbox 947 549 1077 614; x_wconf 87' lang='lat' dir='ltr'><strong>homine</strong></span> <span class='ocrx_word' id='word_1_19' title='bbox 1099 549 1244 633; x_wconf 87' lang='lat' dir='ltr'><strong>quodam</strong></span> <span class='ocrx_word' id='word_1_20' title='bbox 1266 571 1343 634; x_wconf 93' lang='lat' dir='ltr'><strong>pro·</strong></span> 
     </span>
     <span class='ocr_line' id='line_1_4' title="bbox 171 658 1412 747; baseline 0.001 -23"><span class='ocrx_word' id='word_1_21' title='bbox 171 660 290 727; x_wconf 83' lang='lat' dir='ltr'><strong>lectam</strong></span> <span class='ocrx_word' id='word_1_22' title='bbox 314 682 384 727; x_wconf 90' lang='lat' dir='ltr'><strong>esse</strong></span> <span class='ocrx_word' id='word_1_23' title='bbox 406 666 535 743; x_wconf 90' lang='lat' dir='ltr'><strong>putant,</strong></span> <span class='ocrx_word' id='word_1_24' title='bbox 566 660 683 743; x_wconf 86' lang='lat' dir='ltr'><strong>quiex</strong></span> <span class='ocrx_word' id='word_1_25' title='bbox 705 660 830 743; x_wconf 86' lang='lat' dir='ltr'><strong>sylloge</strong></span> <span class='ocrx_word' id='word_1_26' title='bbox 852 658 1052 742; x_wconf 79' lang='lat' dir='ltr'>Theognidis</span> <span class='ocrx_word' id='word_1_27' title='bbox 1074 681 1114 725; x_wconf 87' lang='lat' dir='ltr'><strong>ea</strong></span> <span class='ocrx_word' id='word_1_28' title='bbox 1140 680 1224 744; x_wconf 90' lang='lat' dir='ltr'><strong>quae</strong></span> <span class='ocrx_word' id='word_1_29' title='bbox 1246 659 1347 725; x_wconf 88' lang='lat' dir='ltr'><strong>hodie</strong></span> <span class='ocrx_word' id='word_1_30' title='bbox 1410 743 1412 747; x_wconf 45' lang='lat'><strong>.</strong></span> 
     </span>
     <span class='ocr_line' id='line_1_5' title="bbox 167 770 1346 850; baseline -0.001 -15"><span class='ocrx_word' id='word_1_31' title='bbox 167 777 276 837; x_wconf 86' lang='lat' dir='ltr'><strong>exstat</strong></span> <span class='ocrx_word' id='word_1_32' title='bbox 309 771 426 845; x_wconf 86' lang='lat' dir='ltr'><strong>verbis,</strong></span> <span class='ocrx_word' id='word_1_33' title='bbox 456 770 605 835; x_wconf 90' lang='lat' dir='ltr'><strong>formulis</strong></span> <span class='ocrx_word' id='word_1_34' title='bbox 629 770 777 850; x_wconf 91' lang='lat' dir='ltr'><strong>dicendi,</strong></span> <span class='ocrx_word' id='word_1_35' title='bbox 809 771 958 836; x_wconf 83' lang='lat' dir='ltr'><strong>versibus</strong></span> <span class='ocrx_word' id='word_1_36' title='bbox 981 773 1060 835; x_wconf 91' lang='lat' dir='ltr'><strong>totis</strong></span> <span class='ocrx_word' id='word_1_37' title='bbox 1088 771 1139 835; x_wconf 91' lang='lat' dir='ltr'><strong>vel</strong></span> <span class='ocrx_word' id='word_1_38' title='bbox 1163 770 1346 835; x_wconf 81' lang='lat' dir='ltr'><strong>dimidiatis</strong></span> 
     </span>
     <span class='ocr_line' id='line_1_6' title="bbox 167 881 1346 967; baseline -0.002 -20"><span class='ocrx_word' id='word_1_39' title='bbox 167 883 289 967; x_wconf 89' lang='lat' dir='ltr'><strong>passim</strong></span> <span class='ocrx_word' id='word_1_40' title='bbox 313 882 434 966; x_wconf 90' lang='lat' dir='ltr'><strong>ereptis</strong></span> <span class='ocrx_word' id='word_1_41' title='bbox 457 888 492 947; x_wconf 91' lang='lat' dir='ltr'><strong>et</strong></span> <span class='ocrx_word' id='word_1_42' title='bbox 514 881 675 964; x_wconf 84' lang='lat' dir='ltr'><strong>excerptis</strong></span> <span class='ocrx_word' id='word_1_43' title='bbox 693 881 815 963; x_wconf 82' lang='lat' dir='ltr'><strong>elegias</strong></span> <span class='ocrx_word' id='word_1_44' title='bbox 838 881 912 946; x_wconf 90' lang='lat' dir='ltr'><strong>illas</strong></span> <span class='ocrx_word' id='word_1_45' title='bbox 935 882 1113 946; x_wconf 87' lang='lat' dir='ltr'><strong>amatorias</strong></span> <span class='ocrx_word' id='word_1_46' title='bbox 1130 881 1346 964; x_wconf 84' lang='lat' dir='ltr'><strong>compegerit,</strong></span> 
     </span>
     <span class='ocr_line' id='line_1_7' title="bbox 167 989 1346 1073; baseline -0.002 -15"><span class='ocrx_word' id='word_1_47' title='bbox 167 996 235 1060; x_wconf 84' lang='lat' dir='ltr'><strong>sive</strong></span> <span class='ocrx_word' id='word_1_48' title='bbox 270 993 404 1059; x_wconf 91' lang='lat' dir='ltr'><strong>ludendi</strong></span> <span class='ocrx_word' id='word_1_49' title='bbox 440 1015 539 1058; x_wconf 90' lang='lat' dir='ltr'><strong>causa</strong></span> <span class='ocrx_word' id='word_1_50' title='bbox 572 994 639 1056; x_wconf 88' lang='lat' dir='ltr'><strong>sive</strong></span> <span class='ocrx_word' id='word_1_51' title='bbox 670 998 707 1056; x_wconf 94' lang='lat' dir='ltr'><strong>ut</strong></span> <span class='ocrx_word' id='word_1_52' title='bbox 737 993 885 1056; x_wconf 88' lang='lat' dir='ltr'><strong>carmina</strong></span> <span class='ocrx_word' id='word_1_53' title='bbox 918 989 1121 1073; x_wconf 82' lang='lat' dir='ltr'><strong>Theognidis</strong></span> <span class='ocrx_word' id='word_1_54' title='bbox 1156 1013 1195 1056; x_wconf 88' lang='lat' dir='ltr'><strong>ex</strong></span> <span class='ocrx_word' id='word_1_55' title='bbox 1227 992 1346 1073; x_wconf 87' lang='lat' dir='ltr'><strong>quibus</strong></span> 
     </span>
     <span class='ocr_line' id='line_1_8' title="bbox 166 1101 1346 1184; baseline -0.001 -15"><span class='ocrx_word' id='word_1_56' title='bbox 166 1105 313 1170; x_wconf 85' lang='lat' dir='ltr'><strong>hauserit</strong></span> <span class='ocrx_word' id='word_1_57' title='bbox 328 1105 363 1168; x_wconf 93' lang='lat' dir='ltr'><strong>in</strong></span> <span class='ocrx_word' id='word_1_58' title='bbox 378 1103 554 1168; x_wconf 92' lang='lat' dir='ltr'><strong>ridiculum</strong></span> <span class='ocrx_word' id='word_1_59' title='bbox 566 1108 719 1168; x_wconf 82' lang='lat' dir='ltr'><strong>verteret.</strong></span> <span class='ocrx_word' id='word_1_60' title='bbox 743 1101 818 1166; x_wconf 93' lang='lat' dir='ltr'><strong>Hoc</strong></span> <span class='ocrx_word' id='word_1_61' title='bbox 832 1101 1005 1184; x_wconf 92' lang='lat' dir='ltr'><strong>parodiam</strong></span> <span class='ocrx_word' id='word_1_62' title='bbox 1018 1109 1144 1167; x_wconf 84' lang='lat' dir='ltr'><strong>vocant.</strong></span> <span class='ocrx_word' id='word_1_63' title='bbox 1167 1102 1346 1168; x_wconf 84' lang='lat' dir='ltr'><strong>Schneide-</strong></span> 
     </span>
     <span class='ocr_line' id='line_1_9' title="bbox 167 1212 1347 1296; baseline 0 -17"><span class='ocrx_word' id='word_1_64' title='bbox 167 1217 230 1279; x_wconf 90' lang='lat' dir='ltr'><strong>win</strong></span> <span class='ocrx_word' id='word_1_65' title='bbox 267 1221 378 1281; x_wconf 89' lang='lat' dir='ltr'><strong>autem</strong></span> <span class='ocrx_word' id='word_1_66' title='bbox 420 1213 647 1279; x_wconf 85' lang='lat' dir='ltr'><strong>collectionem</strong></span> <span class='ocrx_word' id='word_1_67' title='bbox 685 1212 911 1276; x_wconf 84' lang='lat' dir='ltr'><strong>concinnatam</strong></span> <span class='ocrx_word' id='word_1_68' title='bbox 948 1212 1117 1278; x_wconf 86' lang='lat' dir='ltr'><strong>existimat</strong></span> <span class='ocrx_word' id='word_1_69' title='bbox 1153 1234 1193 1277; x_wconf 87' lang='lat' dir='ltr'><strong>ex</strong></span> <span class='ocrx_word' id='word_1_70' title='bbox 1230 1213 1347 1296; x_wconf 87' lang='lat' dir='ltr'><strong>elegiis</strong></span> 
     </span>
     <span class='ocr_line' id='line_1_10' title="bbox 168 1323 1347 1407; baseline -0.001 -16"><span class='ocrx_word' id='word_1_71' title='bbox 168 1326 362 1407; x_wconf 87' lang='lat' dir='ltr'><strong>Mimnermi,</strong></span> <span class='ocrx_word' id='word_1_72' title='bbox 380 1323 522 1405; x_wconf 81' lang='lat' dir='ltr'><strong>Solonis,</strong></span> <span class='ocrx_word' id='word_1_73' title='bbox 547 1323 747 1406; x_wconf 78' lang='lat' dir='ltr'><strong>Theognidis</strong></span> <span class='ocrx_word' id='word_1_74' title='bbox 767 1323 912 1402; x_wconf 87' lang='lat' dir='ltr'><strong>sinceris,</strong></span> <span class='ocrx_word' id='word_1_75' title='bbox 934 1323 1132 1388; x_wconf 89' lang='lat' dir='ltr'><strong>carminibus</strong></span> <span class='ocrx_word' id='word_1_76' title='bbox 1149 1324 1347 1406; x_wconf 87' lang='lat' dir='ltr'><strong>quibusdam</strong></span> 
     </span>
     <span class='ocr_line' id='line_1_11' title="bbox 168 1432 1348 1520; baseline 0 -19"><span class='ocrx_word' id='word_1_77' title='bbox 168 1436 351 1520; x_wconf 88' lang='lat' dir='ltr'><strong>parodieis,</strong></span> <span class='ocrx_word' id='word_1_78' title='bbox 382 1435 529 1501; x_wconf 88' lang='lat' dir='ltr'><strong>versibus</strong></span> <span class='ocrx_word' id='word_1_79' title='bbox 564 1434 605 1499; x_wconf 86' lang='lat' dir='ltr'><strong>ab</strong></span> <span class='ocrx_word' id='word_1_80' title='bbox 638 1435 709 1515; x_wconf 91' lang='lat' dir='ltr'><strong>ipso</strong></span> <span class='ocrx_word' id='word_1_81' title='bbox 745 1433 891 1516; x_wconf 85' lang='lat' dir='ltr'><strong>syllegae</strong></span> <span class='ocrx_word' id='word_1_82' title='bbox 925 1432 1112 1500; x_wconf 85' lang='lat' dir='ltr'><strong>confectore</strong></span> <span class='ocrx_word' id='word_1_83' title='bbox 1146 1434 1276 1500; x_wconf 86' lang='lat' dir='ltr'><strong>exiliter</strong></span> <span class='ocrx_word' id='word_1_84' title='bbox 1311 1441 1348 1501; x_wconf 89' lang='lat' dir='ltr'><strong>et</strong></span> 
     </span>
     <span class='ocr_line' id='line_1_12' title="bbox 169 1541 1348 1612; baseline 0.001 -2"><span class='ocrx_word' id='word_1_85' title='bbox 169 1547 277 1612; x_wconf 89' lang='lat' dir='ltr'><strong>ieiune</strong></span> <span class='ocrx_word' id='word_1_86' title='bbox 318 1545 425 1612; x_wconf 90' lang='lat' dir='ltr'><strong>factis.</strong></span> <span class='ocrx_word' id='word_1_87' title='bbox 487 1543 613 1610; x_wconf 79' lang='lat' dir='ltr'><strong>Contra</strong></span> <span class='ocrx_word' id='word_1_88' title='bbox 653 1543 827 1608; x_wconf 84' lang='lat' dir='ltr'><strong>Nietzsche</strong></span> <span class='ocrx_word' id='word_1_89' title='bbox 864 1541 1012 1608; x_wconf 89' lang='lat' dir='ltr'><strong>libellum</strong></span> <span class='ocrx_word' id='word_1_90' title='bbox 1050 1545 1237 1610; x_wconf 87' lang='lat' dir='ltr'><strong>Mimnermi</strong></span> <span class='ocrx_word' id='word_1_91' title='bbox 1274 1567 1348 1611; x_wconf 89' lang='lat' dir='ltr'><strong>esso</strong></span> 
     </span>
     <span class='ocr_line' id='line_1_13' title="bbox 170 1651 1347 1740; baseline -0.003 -17"><span class='ocrx_word' id='word_1_92' title='bbox 170 1658 370 1738; x_wconf 83' lang='lat' dir='ltr'><strong>arbitratur3</strong></span> <span class='ocrx_word' id='word_1_93' title='bbox 395 1678 492 1740; x_wconf 92' lang='lat' dir='ltr'><strong>quem</strong></span> <span class='ocrx_word' id='word_1_94' title='bbox 514 1656 636 1721; x_wconf 91' lang='lat' dir='ltr'><strong>librum</strong></span> <span class='ocrx_word' id='word_1_95' title='bbox 652 1655 817 1719; x_wconf 89' lang='lat' dir='ltr'><strong>homiuem</strong></span> <span class='ocrx_word' id='word_1_96' title='bbox 834 1651 1032 1735; x_wconf 71' lang='lat' dir='ltr'><strong>Theognidis</strong></span> <span class='ocrx_word' id='word_1_97' title='bbox 1052 1657 1237 1739; x_wconf 90' lang='lat' dir='ltr'><strong>sapientiae</strong></span> <span class='ocrx_word' id='word_1_98' title='bbox 1253 1655 1347 1721; x_wconf 93' lang='lat' dir='ltr'><strong>laudi</strong></span> 
     </span>
     <span class='ocr_line' id='line_1_14' title="bbox 167 1763 1350 1849; baseline -0.001 -16"><span class='ocrx_word' id='word_1_99' title='bbox 167 1768 370 1834; x_wconf 84' lang='lat' dir='ltr'><strong>invidentem</strong></span> <span class='ocrx_word' id='word_1_100' title='bbox 393 1766 522 1832; x_wconf 88' lang='lat' dir='ltr'><strong>saeculo</strong></span> <span class='ocrx_word' id='word_1_101' title='bbox 552 1767 667 1849; x_wconf 91' lang='lat' dir='ltr'><strong>quinto</strong></span> <span class='ocrx_word' id='word_1_102' title='bbox 690 1789 720 1848; x_wconf 90' lang='lat' dir='ltr'><strong>p.</strong></span> <span class='ocrx_word' id='word_1_103' title='bbox 745 1763 805 1831; x_wconf 86' lang='lat' dir='ltr'><strong>Oh.</strong></span> <span class='ocrx_word' id='word_1_104' title='bbox 830 1765 873 1830; x_wconf 87' lang='lat' dir='ltr'><strong>ad</strong></span> <span class='ocrx_word' id='word_1_105' title='bbox 895 1765 1055 1848; x_wconf 89' lang='lat' dir='ltr'><strong>syllogam</strong></span> <span class='ocrx_word' id='word_1_106' title='bbox 1085 1766 1282 1832; x_wconf 87' lang='lat' dir='ltr'><strong>adnexuisse</strong></span> <span class='ocrx_word' id='word_1_107' title='bbox 1309 1774 1350 1832; x_wconf 87' lang='lat' dir='ltr'><strong>ut</strong></span> 
     </span>
     <span class='ocr_line' id='line_1_15' title="bbox 169 1864 1348 1962; baseline -0.002 -18"><span class='ocrx_word' id='word_1_108' title='bbox 169 1864 288 1962; x_wconf 87' lang='lat' dir='ltr'><strong>poetae</strong></span> <span class='ocrx_word' id='word_1_109' title='bbox 311 1879 474 1944; x_wconf 91' lang='lat' dir='ltr'><strong>maculam</strong></span> <span class='ocrx_word' id='word_1_110' title='bbox 497 1880 618 1943; x_wconf 90' lang='lat' dir='ltr'><strong>amoris</strong></span> <span class='ocrx_word' id='word_1_111' title='bbox 641 1876 776 1960; x_wconf 90' lang='lat' dir='ltr'><strong>puerilis</strong></span> <span class='ocrx_word' id='word_1_112' title='bbox 799 1881 996 1959; x_wconf 87' lang='lat' dir='ltr'><strong>aspergeret.</strong></span> <span class='ocrx_word' id='word_1_113' title='bbox 1042 1875 1197 1958; x_wconf 87' lang='lat' dir='ltr'><strong>Hartung</strong></span> <span class='ocrx_word' id='word_1_114' title='bbox 1225 1899 1348 1960; x_wconf 90' lang='lat' dir='ltr'><strong>appeu-</strong></span> 
     </span>
     <span class='ocr_line' id='line_1_16' title="bbox 168 1986 1341 2071; baseline -0.002 -17"><span class='ocrx_word' id='word_1_115' title='bbox 168 1991 273 2055; x_wconf 90' lang='lat' dir='ltr'><strong>dicem</strong></span> <span class='ocrx_word' id='word_1_116' title='bbox 297 1996 402 2054; x_wconf 88' lang='lat' dir='ltr'><strong>totam</strong></span> <span class='ocrx_word' id='word_1_117' title='bbox 431 1989 545 2071; x_wconf 91' lang='lat' dir='ltr'><strong>paucis</strong></span> <span class='ocrx_word' id='word_1_118' title='bbox 568 1987 715 2053; x_wconf 86' lang='lat' dir='ltr'><strong>versibus</strong></span> <span class='ocrx_word' id='word_1_119' title='bbox 746 1988 889 2068; x_wconf 87' lang='lat' dir='ltr'><strong>exceptis</strong></span> <span class='ocrx_word' id='word_1_120' title='bbox 913 1986 1029 2052; x_wconf 80' lang='lat' dir='ltr'><strong>Eueno</strong></span> <span class='ocrx_word' id='word_1_121' title='bbox 1056 1987 1183 2052; x_wconf 88' lang='lat' dir='ltr'><strong>tribuit.</strong></span> <span class='ocrx_word' id='word_1_122' title='bbox 1229 1988 1341 2052; x_wconf 79' lang='lat' dir='ltr'><strong>Etiam</strong></span> 
     </span>
     <span class='ocr_line' id='line_1_17' title="bbox 170 2085 1348 2182; baseline 0.002 -20"><span class='ocrx_word' id='word_1_123' title='bbox 170 2101 210 2164; x_wconf 89' lang='lat' dir='ltr'><strong>de</strong></span> <span class='ocrx_word' id='word_1_124' title='bbox 233 2107 383 2182; x_wconf 90' lang='lat' dir='ltr'><strong>tempore</strong></span> <span class='ocrx_word' id='word_1_125' title='bbox 407 2098 548 2163; x_wconf 88' lang='lat' dir='ltr'><strong>confecti</strong></span> <span class='ocrx_word' id='word_1_126' title='bbox 562 2097 638 2162; x_wconf 90' lang='lat' dir='ltr'><strong>libri</strong></span> <span class='ocrx_word' id='word_1_127' title='bbox 657 2097 859 2161; x_wconf 90' lang='lat' dir='ltr'><strong>dissentiunt</strong></span> <span class='ocrx_word' id='word_1_128' title='bbox 874 2085 993 2160; x_wconf 88' lang='lat' dir='ltr'><strong>critici.</strong></span> <span class='ocrx_word' id='word_1_129' title='bbox 1039 2096 1227 2181; x_wconf 88' lang='lat' dir='ltr'><strong>Hertzberg</strong></span> <span class='ocrx_word' id='word_1_130' title='bbox 1243 2101 1348 2164; x_wconf 90' lang='lat' dir='ltr'><strong>aetati</strong></span> 
     </span>
     <span class='ocr_line' id='line_1_18' title="bbox 169 2205 1350 2290; baseline 0.001 -15"><span class='ocrx_word' id='word_1_131' title='bbox 169 2208 420 2275; x_wconf 86' lang='lat' dir='ltr'><strong>Alexandrinae</strong></span> <span class='ocrx_word' id='word_1_132' title='bbox 442 2206 597 2288; x_wconf 88' lang='lat' dir='ltr'><strong>vindicat,</strong></span> <span class='ocrx_word' id='word_1_133' title='bbox 622 2207 732 2272; x_wconf 84' lang='lat' dir='ltr'><strong>Oouat</strong></span> <span class='ocrx_word' id='word_1_134' title='bbox 754 2227 833 2271; x_wconf 90' lang='lat' dir='ltr'><strong>aevo</strong></span> <span class='ocrx_word' id='word_1_135' title='bbox 856 2205 1052 2290; x_wconf 87' lang='lat' dir='ltr'><strong>Byzantino,</strong></span> <span class='ocrx_word' id='word_1_136' title='bbox 1075 2208 1185 2273; x_wconf 87' lang='lat' dir='ltr'><strong>Hiller</strong></span> <span class='ocrx_word' id='word_1_137' title='bbox 1207 2215 1240 2274; x_wconf 89' lang='lat' dir='ltr'><strong>et</strong></span> <span class='ocrx_word' id='word_1_138' title='bbox 1267 2208 1350 2276; x_wconf 81' lang='lat' dir='ltr'><strong>(lor-</strong></span> 
     </span>
     <span class='ocr_line' id='line_1_19' title="bbox 170 2316 1152 2400; baseline 0 -17"><span class='ocrx_word' id='word_1_139' title='bbox 170 2341 250 2384; x_wconf 87' lang='lat' dir='ltr'><strong>senu</strong></span> <span class='ocrx_word' id='word_1_140' title='bbox 273 2326 351 2384; x_wconf 90' lang='lat' dir='ltr'><strong>ante</strong></span> <span class='ocrx_word' id='word_1_141' title='bbox 375 2316 679 2382; x_wconf 89' lang='lat' dir='ltr'><strong>Alexandrinorum</strong></span> <span class='ocrx_word' id='word_1_142' title='bbox 703 2324 852 2400; x_wconf 88' lang='lat' dir='ltr'><strong>tempora</strong></span> <span class='ocrx_word' id='word_1_143' title='bbox 875 2325 983 2382; x_wconf 90' lang='lat' dir='ltr'><strong>ortum</strong></span> <span class='ocrx_word' id='word_1_144' title='bbox 1005 2319 1152 2383; x_wconf 89' lang='lat' dir='ltr'><strong>credunt.</strong></span> 
     </span>
    </p>

    <p class='ocr_par' dir='ltr' id='par_1_3' title="bbox 171 2427 1351 3068">
     <span class='ocr_line' id='line_1_20' title="bbox 256 2427 1346 2513; baseline 0.004 -19"><span class='ocrx_word' id='word_1_145' title='bbox 256 2428 341 2496; x_wconf 87' lang='lat' dir='ltr'><strong>Sunt</strong></span> <span class='ocrx_word' id='word_1_146' title='bbox 363 2435 478 2493; x_wconf 90' lang='lat' dir='ltr'><strong>eontra</strong></span> <span class='ocrx_word' id='word_1_147' title='bbox 500 2429 557 2512; x_wconf 93' lang='lat' dir='ltr'><strong>qui</strong></span> <span class='ocrx_word' id='word_1_148' title='bbox 580 2428 620 2492; x_wconf 91' lang='lat' dir='ltr'><strong>de</strong></span> <span class='ocrx_word' id='word_1_149' title='bbox 642 2427 789 2510; x_wconf 88' lang='lat' dir='ltr'><strong>parodiis</strong></span> <span class='ocrx_word' id='word_1_150' title='bbox 807 2449 874 2492; x_wconf 91' lang='lat' dir='ltr'><strong>non</strong></span> <span class='ocrx_word' id='word_1_151' title='bbox 896 2428 1041 2510; x_wconf 91' lang='lat' dir='ltr'><strong>cogitent</strong></span> <span class='ocrx_word' id='word_1_152' title='bbox 1063 2431 1185 2513; x_wconf 91' lang='lat' dir='ltr'><strong>quique</strong></span> <span class='ocrx_word' id='word_1_153' title='bbox 1206 2433 1346 2498; x_wconf 84' lang='lat' dir='ltr'><strong>eundern</strong></span> 
     </span>
     <span class='ocr_line' id='line_1_21' title="bbox 171 2537 1350 2627; baseline 0.005 -24"><span class='ocrx_word' id='word_1_154' title='bbox 171 2546 294 2605; x_wconf 89' lang='lat' dir='ltr'><strong>statum</strong></span> <span class='ocrx_word' id='word_1_155' title='bbox 317 2546 418 2622; x_wconf 93' lang='lat' dir='ltr'><strong>atque</strong></span> <span class='ocrx_word' id='word_1_156' title='bbox 440 2539 517 2603; x_wconf 93' lang='lat' dir='ltr'><strong>libri</strong></span> <span class='ocrx_word' id='word_1_157' title='bbox 543 2539 641 2622; x_wconf 93' lang='lat' dir='ltr'><strong>primi</strong></span> <span class='ocrx_word' id='word_1_158' title='bbox 664 2540 844 2623; x_wconf 87' lang='lat' dir='ltr'><strong>accipiant,</strong></span> <span class='ocrx_word' id='word_1_159' title='bbox 876 2537 946 2604; x_wconf 91' lang='lat' dir='ltr'><strong>scil.</strong></span> <span class='ocrx_word' id='word_1_160' title='bbox 975 2539 1075 2604; x_wconf 91' lang='lat' dir='ltr'><strong>etiam</strong></span> <span class='ocrx_word' id='word_1_161' title='bbox 1102 2541 1222 2606; x_wconf 88' lang='lat' dir='ltr'><strong>librum</strong></span> <span class='ocrx_word' id='word_1_162' title='bbox 1253 2549 1276 2627; x_wconf 79' lang='grc' dir='ltr'>β</span> <span class='ocrx_word' id='word_1_163' title='bbox 1306 2544 1350 2610; x_wconf 87' lang='lat' dir='ltr'><strong>ab</strong></span> 
     </span>
     <span class='ocr_line' id='line_1_22' title="bbox 172 2648 1349 2734; baseline 0.003 -19"><span class='ocrx_word' id='word_1_164' title='bbox 172 2651 390 2734; x_wconf 87' lang='lat' dir='ltr'><strong>epitomatore</strong></span> <span class='ocrx_word' id='word_1_165' title='bbox 413 2671 453 2714; x_wconf 87' lang='lat' dir='ltr'><strong>ex</strong></span> <span class='ocrx_word' id='word_1_166' title='bbox 475 2650 609 2734; x_wconf 89' lang='lat' dir='ltr'><strong>syllogis</strong></span> <span class='ocrx_word' id='word_1_167' title='bbox 632 2648 831 2732; x_wconf 89' lang='lat' dir='ltr'><strong>Theognidis</strong></span> <span class='ocrx_word' id='word_1_168' title='bbox 854 2656 887 2715; x_wconf 91' lang='lat' dir='ltr'><strong>et</strong></span> <span class='ocrx_word' id='word_1_169' title='bbox 909 2648 1049 2714; x_wconf 90' lang='lat' dir='ltr'><strong>aliorum</strong></span> <span class='ocrx_word' id='word_1_170' title='bbox 1069 2659 1241 2734; x_wconf 86' lang='lat' dir='ltr'><strong>poetarum</strong></span> <span class='ocrx_word' id='word_1_171' title='bbox 1264 2657 1349 2719; x_wconf 90' lang='lat' dir='ltr'><strong>anti·</strong></span> 
     </span>
     <span class='ocr_line' id='line_1_23' title="bbox 172 2760 1351 2849; baseline 0.004 -23"><span class='ocrx_word' id='word_1_172' title='bbox 172 2782 312 2843; x_wconf 89' lang='lat' dir='ltr'><strong>quorum</strong></span> <span class='ocrx_word' id='word_1_173' title='bbox 336 2766 557 2841; x_wconf 89' lang='lat' dir='ltr'><strong>contractum,</strong></span> <span class='ocrx_word' id='word_1_174' title='bbox 590 2761 747 2826; x_wconf 89' lang='lat' dir='ltr'><strong>nonnulla</strong></span> <span class='ocrx_word' id='word_1_175' title='bbox 778 2765 867 2826; x_wconf 87' lang='lat' dir='ltr'><strong>certe</strong></span> <span class='ocrx_word' id='word_1_176' title='bbox 890 2760 1091 2843; x_wconf 90' lang='lat' dir='ltr'><strong>Theognidis</strong></span> <span class='ocrx_word' id='word_1_177' title='bbox 1122 2767 1255 2849; x_wconf 92' lang='lat' dir='ltr'><strong>propria</strong></span> <span class='ocrx_word' id='word_1_178' title='bbox 1278 2787 1351 2832; x_wconf 86' lang='lat' dir='ltr'><strong>esse</strong></span> 
     </span>
     <span class='ocr_line' id='line_1_24' title="bbox 172 2871 1351 2959; baseline 0.004 -24"><span class='ocrx_word' id='word_1_179' title='bbox 172 2875 379 2952; x_wconf 85' lang='grc'><strong>(1358-56),</strong></span> <span class='ocrx_word' id='word_1_180' title='bbox 401 2871 533 2940; x_wconf 87' lang='lat' dir='ltr'><strong>Solonis</strong></span> <span class='ocrx_word' id='word_1_181' title='bbox 557 2893 629 2938; x_wconf 87' lang='lat' dir='ltr'><strong>esse</strong></span> <span class='ocrx_word' id='word_1_182' title='bbox 653 2873 767 2950; x_wconf 74' lang='grc'><strong>185314</strong></span> <span class='ocrx_word' id='word_1_183' title='bbox 784 2872 897 2952; x_wconf 90' lang='lat' dir='ltr'><strong>(etiam</strong></span> <span class='ocrx_word' id='word_1_184' title='bbox 921 2871 1083 2959; x_wconf 72' lang='lat' dir='ltr'><strong>1255l6?),</strong></span> <span class='ocrx_word' id='word_1_185' title='bbox 1105 2895 1153 2940; x_wconf 85' lang='lat' dir='ltr'><strong>vv.</strong></span> <span class='ocrx_word' id='word_1_186' title='bbox 1179 2880 1351 2941; x_wconf 85' lang='grc'><strong>1345-50</strong></span> 
     </span>
     <span class='ocr_line' id='line_1_25' title="bbox 172 2982 1347 3068; baseline 0.005 -22"><span class='ocrx_word' id='word_1_187' title='bbox 172 2982 313 3048; x_wconf 87' lang='lat' dir='ltr'><strong>fortasse</strong></span> <span class='ocrx_word' id='word_1_188' title='bbox 343 2982 469 3064; x_wconf 82' lang='lat' dir='ltr'><strong>Eueni,</strong></span> <span class='ocrx_word' id='word_1_189' title='bbox 500 2990 611 3048; x_wconf 88' lang='lat' dir='ltr'><strong>cetera</strong></span> <span class='ocrx_word' id='word_1_190' title='bbox 640 2985 811 3048; x_wconf 89' lang='lat' dir='ltr'><strong>maximam</strong></span> <span class='ocrx_word' id='word_1_191' title='bbox 834 2991 963 3066; x_wconf 90' lang='lat' dir='ltr'><strong>partem</strong></span> <span class='ocrx_word' id='word_1_192' title='bbox 991 3006 1011 3049; x_wconf 93' lang='lat' dir='ltr'><strong>a</strong></span> <span class='ocrx_word' id='word_1_193' title='bbox 1038 2990 1139 3068; x_wconf 90' lang='lat' dir='ltr'><strong>poeta</strong></span> <span class='ocrx_word' id='word_1_194' title='bbox 1160 2985 1347 3068; x_wconf 89' lang='lat' dir='ltr'><strong>Megarensi</strong></span> 
     </span>
    </p>
   </div>
   <div class='ocr_carea' id='block_1_3' title="bbox 171 3194 1370 4287">
    <p class='ocr_par' dir='ltr' id='par_1_4' title="bbox 171 3194 1370 4287">
     <span class='ocr_line' id='line_1_26' title="bbox 177 3194 1351 3268; baseline 0.003 -21"><span class='ocrx_word' id='word_1_195' title='bbox 177 3194 343 3263; x_wconf 86' lang='lat' dir='ltr'><strong>Theognide</strong></span> <span class='ocrx_word' id='word_1_196' title='bbox 366 3195 525 3264; x_wconf 81' lang='lat' dir='ltr'><strong>Megarensi</strong></span> <span class='ocrx_word' id='word_1_197' title='bbox 550 3201 633 3264; x_wconf 83' lang='lat' dir='ltr'><strong>poeta</strong></span> <span class='ocrx_word' id='word_1_198' title='bbox 657 3196 733 3264; x_wconf 83' lang='lat' dir='ltr'><strong>(diss.</strong></span> <span class='ocrx_word' id='word_1_199' title='bbox 751 3196 863 3264; x_wconf 77' lang='lat' dir='ltr'><strong>inaug),</strong></span> <span class='ocrx_word' id='word_1_200' title='bbox 887 3195 1051 3250; x_wconf 86' lang='lat' dir='ltr'><strong>lllonasterii</strong></span> <span class='ocrx_word' id='word_1_201' title='bbox 1070 3199 1153 3262; x_wconf 80' lang='lat'><strong>1863,</strong></span> <span class='ocrx_word' id='word_1_202' title='bbox 1168 3215 1195 3266; x_wconf 91' lang='lat' dir='ltr'><strong>p.</strong></span> <span class='ocrx_word' id='word_1_203' title='bbox 1219 3199 1253 3251; x_wconf 87' lang='grc'><strong>88</strong></span> <span class='ocrx_word' id='word_1_204' title='bbox 1276 3215 1351 3268; x_wconf 85' lang='lat' dir='ltr'><strong>sqq.;</strong></span> 
     </span>
     <span class='ocr_line' id='line_1_27' title="bbox 173 3278 1350 3352; baseline 0.005 -20"><span class='ocrx_word' id='word_1_205' title='bbox 173 3278 321 3333; x_wconf 86' lang='lat' dir='ltr'><strong>Nietzsche</strong></span> <span class='ocrx_word' id='word_1_206' title='bbox 339 3279 368 3332; x_wconf 91' lang='lat' dir='ltr'><strong>in</strong></span> <span class='ocrx_word' id='word_1_207' title='bbox 386 3279 456 3334; x_wconf 85' lang='lat' dir='ltr'><strong>Mus.</strong></span> <span class='ocrx_word' id='word_1_208' title='bbox 476 3278 566 3350; x_wconf 87' lang='lat' dir='ltr'><strong>Rhen.</strong></span> <span class='ocrx_word' id='word_1_209' title='bbox 585 3278 674 3352; x_wconf 81' lang='lat' dir='ltr'>XXII</span> <span class='ocrx_word' id='word_1_210' title='bbox 698 3297 725 3349; x_wconf 88' lang='lat' dir='ltr'><strong>p.</strong></span> <span class='ocrx_word' id='word_1_211' title='bbox 746 3283 795 3334; x_wconf 87' lang='grc'><strong>176</strong></span> <span class='ocrx_word' id='word_1_212' title='bbox 813 3297 863 3348; x_wconf 65' lang='lat' dir='ltr'><strong>sq,</strong></span> <span class='ocrx_word' id='word_1_213' title='bbox 888 3281 948 3334; x_wconf 71' lang='lat'><strong>180&#39;</strong></span> <span class='ocrx_word' id='word_1_214' title='bbox 961 3286 1009 3349; x_wconf 87' lang='lat' dir='ltr'><strong>sq&#39;,</strong></span> <span class='ocrx_word' id='word_1_215' title='bbox 1036 3283 1085 3335; x_wconf 91' lang='grc'><strong>185</strong></span> <span class='ocrx_word' id='word_1_216' title='bbox 1103 3299 1159 3351; x_wconf 89' lang='lat' dir='ltr'><strong>sq.;</strong></span> <span class='ocrx_word' id='word_1_217' title='bbox 1184 3282 1297 3338; x_wconf 89' lang='lat' dir='ltr'><strong>Renner</strong></span> <span class='ocrx_word' id='word_1_218' title='bbox 1320 3283 1350 3338; x_wconf 88' lang='lat' dir='ltr'><strong>in</strong></span> 
     </span>
     <span class='ocr_line' id='line_1_28' title="bbox 173 3363 1351 3437; baseline 0.005 -19"><span class='ocrx_word' id='word_1_219' title='bbox 173 3364 264 3418; x_wconf 75' lang='lat' dir='ltr'><strong>Curtii</strong></span> <span class='ocrx_word' id='word_1_220' title='bbox 290 3363 408 3418; x_wconf 76' lang='lat' dir='ltr'><strong>Studien</strong></span> <span class='ocrx_word' id='word_1_221' title='bbox 430 3381 483 3418; x_wconf 78' lang='lat' dir='ltr'><strong>zur</strong></span> <span class='ocrx_word' id='word_1_222' title='bbox 507 3364 607 3434; x_wconf 78' lang='lat' dir='ltr'><strong>prtecb.</strong></span> <span class='ocrx_word' id='word_1_223' title='bbox 630 3382 658 3419; x_wconf 81' lang='lat' dir='ltr'><strong>u.</strong></span> <span class='ocrx_word' id='word_1_224' title='bbox 683 3365 778 3419; x_wconf 77' lang='lat' dir='ltr'><strong>luteis.</strong></span> <span class='ocrx_word' id='word_1_225' title='bbox 806 3365 986 3420; x_wconf 71' lang='lat' dir='ltr'><strong>drammatis</strong></span> <span class='ocrx_word' id='word_1_226' title='bbox 1009 3367 1024 3420; x_wconf 92' lang='lat' dir='ltr'>I</span> <span class='ocrx_word' id='word_1_227' title='bbox 1050 3368 1109 3437; x_wconf 91' lang='lat' dir='ltr'><strong>lp.</strong></span> <span class='ocrx_word' id='word_1_228' title='bbox 1135 3370 1198 3436; x_wconf 78' lang='lat'><strong>1393</strong></span> <span class='ocrx_word' id='word_1_229' title='bbox 1222 3387 1275 3423; x_wconf 88' lang='lat' dir='ltr'><strong>van</strong></span> <span class='ocrx_word' id='word_1_230' title='bbox 1300 3369 1351 3424; x_wconf 86' lang='lat' dir='ltr'><strong>der</strong></span> 
     </span>
     <span class='ocr_line' id='line_1_29' title="bbox 172 3448 1370 3529; baseline 0.003 -25"><span class='ocrx_word' id='word_1_231' title='bbox 172 3450 238 3518; x_wconf 86' lang='lat' dir='ltr'><strong>lley</strong></span> <span class='ocrx_word' id='word_1_232' title='bbox 256 3448 349 3503; x_wconf 86' lang='lat' dir='ltr'><strong>studia</strong></span> <span class='ocrx_word' id='word_1_233' title='bbox 360 3449 543 3519; x_wconf 85' lang='lat' dir='ltr'><strong>Theognidea</strong></span> <span class='ocrx_word' id='word_1_234' title='bbox 559 3468 587 3520; x_wconf 90' lang='lat' dir='ltr'><strong>p.</strong></span> <span class='ocrx_word' id='word_1_235' title='bbox 599 3451 715 3516; x_wconf 76' lang='lat'><strong>28-395</strong></span> <span class='ocrx_word' id='word_1_236' title='bbox 733 3467 788 3504; x_wconf 84' lang='lat' dir='ltr'><strong>van</strong></span> <span class='ocrx_word' id='word_1_237' title='bbox 800 3450 976 3505; x_wconf 85' lang='lat' dir='ltr'><strong>Herwerden</strong></span> <span class='ocrx_word' id='word_1_238' title='bbox 988 3452 1239 3508; x_wconf 81' lang='lat' dir='ltr'><strong>animadversiones</strong></span> <span class='ocrx_word' id='word_1_239' title='bbox 1252 3455 1351 3525; x_wconf 89' lang='lat' dir='ltr'><strong>philol.</strong></span> <span class='ocrx_word' id='word_1_240' title='bbox 1367 3522 1370 3529; x_wconf 29' lang='grc' dir='ltr'>Ι</span> 
     </span>
     <span class='ocr_line' id='line_1_30' title="bbox 173 3533 1351 3609; baseline 0.006 -20"><span class='ocrx_word' id='word_1_241' title='bbox 173 3534 209 3589; x_wconf 91' lang='lat' dir='ltr'><strong>ad</strong></span> <span class='ocrx_word' id='word_1_242' title='bbox 226 3533 420 3604; x_wconf 81' lang='lat' dir='ltr'><strong>Theognidem</strong></span> <span class='ocrx_word' id='word_1_243' title='bbox 438 3552 465 3602; x_wconf 90' lang='lat' dir='ltr'><strong>p.</strong></span> <span class='ocrx_word' id='word_1_244' title='bbox 485 3537 594 3600; x_wconf 85' lang='lat'><strong>14-17,</strong></span> <span class='ocrx_word' id='word_1_245' title='bbox 613 3533 675 3588; x_wconf 88' lang='lat' dir='ltr'><strong>add.</strong></span> <span class='ocrx_word' id='word_1_246' title='bbox 695 3553 721 3603; x_wconf 89' lang='lat' dir='ltr'><strong>p.</strong></span> <span class='ocrx_word' id='word_1_247' title='bbox 741 3536 788 3603; x_wconf 88' lang='grc'><strong>55;</strong></span> <span class='ocrx_word' id='word_1_248' title='bbox 807 3535 844 3589; x_wconf 87' lang='lat' dir='ltr'><strong>E.</strong></span> <span class='ocrx_word' id='word_1_249' title='bbox 863 3536 1058 3593; x_wconf 80' lang='lat' dir='ltr'><strong>Schneidewin</strong></span> <span class='ocrx_word' id='word_1_250' title='bbox 1076 3538 1111 3592; x_wconf 89' lang='lat' dir='ltr'><strong>de</strong></span> <span class='ocrx_word' id='word_1_251' title='bbox 1129 3540 1242 3609; x_wconf 83' lang='lat' dir='ltr'><strong>syllogis</strong></span> <span class='ocrx_word' id='word_1_252' title='bbox 1259 3541 1351 3596; x_wconf 90' lang='lat' dir='ltr'><strong>Theo·</strong></span> 
     </span>
     <span class='ocr_line' id='line_1_31' title="bbox 173 3620 1351 3694; baseline 0.003 -18"><span class='ocrx_word' id='word_1_253' title='bbox 173 3621 281 3691; x_wconf 85' lang='lat' dir='ltr'><strong>gnideis</strong></span> <span class='ocrx_word' id='word_1_254' title='bbox 300 3621 376 3688; x_wconf 89' lang='lat' dir='ltr'><strong>(diss.</strong></span> <span class='ocrx_word' id='word_1_255' title='bbox 395 3620 610 3689; x_wconf 81' lang='lat' dir='ltr'><strong>Argentineusis</strong></span> <span class='ocrx_word' id='word_1_256' title='bbox 630 3622 708 3686; x_wconf 82' lang='grc'><strong>1878)</strong></span> <span class='ocrx_word' id='word_1_257' title='bbox 725 3639 752 3690; x_wconf 92' lang='lat' dir='ltr'><strong>p.</strong></span> <span class='ocrx_word' id='word_1_258' title='bbox 771 3623 891 3690; x_wconf 76' lang='lat' dir='ltr'><strong>tto-413</strong></span> <span class='ocrx_word' id='word_1_259' title='bbox 927 3621 1028 3678; x_wconf 85' lang='lat' dir='ltr'><strong>Sitzler</strong></span> <span class='ocrx_word' id='word_1_260' title='bbox 1045 3625 1127 3692; x_wconf 90' lang='lat' dir='ltr'><strong>proll.</strong></span> <span class='ocrx_word' id='word_1_261' title='bbox 1145 3642 1173 3694; x_wconf 90' lang='lat' dir='ltr'><strong>p.</strong></span> <span class='ocrx_word' id='word_1_262' title='bbox 1191 3627 1238 3693; x_wconf 78' lang='lat'><strong>353</strong></span> <span class='ocrx_word' id='word_1_263' title='bbox 1257 3626 1351 3681; x_wconf 87' lang='lat' dir='ltr'><strong>Hillar</strong></span> 
     </span>
     <span class='ocr_line' id='line_1_32' title="bbox 173 3706 1350 3776; baseline 0.003 -13"><span class='ocrx_word' id='word_1_264' title='bbox 173 3707 272 3764; x_wconf 82' lang='lat' dir='ltr'><strong>Jahrb.</strong></span> <span class='ocrx_word' id='word_1_265' title='bbox 288 3706 311 3775; x_wconf 82' lang='lat' dir='ltr'><strong>f.</strong></span> <span class='ocrx_word' id='word_1_266' title='bbox 330 3706 364 3761; x_wconf 80' lang='lat' dir='ltr'><strong>ld.</strong></span> <span class='ocrx_word' id='word_1_267' title='bbox 383 3706 458 3762; x_wconf 80' lang='lat' dir='ltr'><strong>Phil.</strong></span> <span class='ocrx_word' id='word_1_268' title='bbox 479 3708 542 3760; x_wconf 90' lang='grc'><strong>1881</strong></span> <span class='ocrx_word' id='word_1_269' title='bbox 563 3725 590 3776; x_wconf 88' lang='lat' dir='ltr'><strong>p.</strong></span> <span class='ocrx_word' id='word_1_270' title='bbox 608 3709 667 3768; x_wconf 81' lang='grc'><strong>450,</strong></span> <span class='ocrx_word' id='word_1_271' title='bbox 685 3709 737 3760; x_wconf 85' lang='grc'><strong>470</strong></span> <span class='ocrx_word' id='word_1_272' title='bbox 754 3724 805 3776; x_wconf 73' lang='lat' dir='ltr'><strong>sq,</strong></span> <span class='ocrx_word' id='word_1_273' title='bbox 827 3707 903 3761; x_wconf 91' lang='lat' dir='ltr'><strong>idem</strong></span> <span class='ocrx_word' id='word_1_274' title='bbox 922 3708 1078 3764; x_wconf 83' lang='lat' dir='ltr'><strong>Jabreeber.</strong></span> <span class='ocrx_word' id='word_1_275' title='bbox 1100 3711 1124 3776; x_wconf 82' lang='lat' dir='ltr'><strong>f.</strong></span> <span class='ocrx_word' id='word_1_276' title='bbox 1148 3709 1229 3765; x_wconf 70' lang='lat' dir='ltr'><strong>lutosa.</strong></span> <span class='ocrx_word' id='word_1_277' title='bbox 1250 3712 1350 3767; x_wconf 80' lang='lat' dir='ltr'><strong>Altert.</strong></span> 
     </span>
     <span class='ocr_line' id='line_1_33' title="bbox 175 3793 1352 3864; baseline 0.004 -17"><span class='ocrx_word' id='word_1_278' title='bbox 175 3795 241 3847; x_wconf 89' lang='grc'><strong>1888</strong></span> <span class='ocrx_word' id='word_1_279' title='bbox 263 3811 290 3862; x_wconf 91' lang='lat' dir='ltr'><strong>p.</strong></span> <span class='ocrx_word' id='word_1_280' title='bbox 319 3794 367 3847; x_wconf 78' lang='lat'><strong>142</strong></span> <span class='ocrx_word' id='word_1_281' title='bbox 391 3809 431 3862; x_wconf 84' lang='lat' dir='ltr'><strong>sq.</strong></span> <span class='ocrx_word' id='word_1_282' title='bbox 455 3797 484 3845; x_wconf 89' lang='lat' dir='ltr'><strong>et</strong></span> <span class='ocrx_word' id='word_1_283' title='bbox 510 3794 559 3846; x_wconf 90' lang='grc'><strong>156</strong></span> <span class='ocrx_word' id='word_1_284' title='bbox 583 3810 658 3861; x_wconf 85' lang='lat' dir='ltr'><strong>sqq.;</strong></span> <span class='ocrx_word' id='word_1_285' title='bbox 682 3793 773 3847; x_wconf 85' lang='lat' dir='ltr'><strong>Oouat</strong></span> <span class='ocrx_word' id='word_1_286' title='bbox 798 3794 822 3847; x_wconf 87' lang='lat' dir='ltr'><strong>le</strong></span> <span class='ocrx_word' id='word_1_287' title='bbox 845 3794 943 3849; x_wconf 81' lang='lat' dir='ltr'><strong>second</strong></span> <span class='ocrx_word' id='word_1_288' title='bbox 967 3795 1035 3849; x_wconf 82' lang='lat' dir='ltr'><strong>livre</strong></span> <span class='ocrx_word' id='word_1_289' title='bbox 1053 3794 1175 3864; x_wconf 80' lang='lat' dir='ltr'><strong>d&#39;e&#39;ltpies</strong></span> <span class='ocrx_word' id='word_1_290' title='bbox 1192 3796 1352 3852; x_wconf 70' lang='lat' dir='ltr'><strong>attribuet</strong></span> 
     </span>
     <span class='ocr_line' id='line_1_34' title="bbox 176 3877 1352 3949; baseline 0.003 -16"><span class='ocrx_word' id='word_1_291' title='bbox 176 3877 310 3949; x_wconf 73' lang='lat' dir='ltr'><strong>Tlrtopsis</strong></span> <span class='ocrx_word' id='word_1_292' title='bbox 327 3878 455 3948; x_wconf 75' lang='lat' dir='ltr'><strong>(annates</strong></span> <span class='ocrx_word' id='word_1_293' title='bbox 479 3877 511 3932; x_wconf 83' lang='lat' dir='ltr'><strong>de</strong></span> <span class='ocrx_word' id='word_1_294' title='bbox 535 3878 568 3939; x_wconf 50' lang='lat' dir='ltr'><strong>lo¹</strong></span> <span class='ocrx_word' id='word_1_295' title='bbox 578 3877 685 3946; x_wconf 73' lang='lat' dir='ltr'><strong>saeuite</strong></span> <span class='ocrx_word' id='word_1_296' title='bbox 708 3878 754 3932; x_wconf 82' lang='lat' dir='ltr'><strong>des</strong></span> <span class='ocrx_word' id='word_1_297' title='bbox 778 3877 872 3933; x_wconf 82' lang='lat' dir='ltr'><strong>lettres</strong></span> <span class='ocrx_word' id='word_1_298' title='bbox 896 3879 928 3934; x_wconf 88' lang='lat' dir='ltr'><strong>de</strong></span> <span class='ocrx_word' id='word_1_299' title='bbox 945 3879 1098 3935; x_wconf 81' lang='lat' dir='ltr'><strong>Bordeauoc</strong></span> <span class='ocrx_word' id='word_1_300' title='bbox 1116 3880 1143 3935; x_wconf 88' lang='lat' dir='ltr'>V</span> <span class='ocrx_word' id='word_1_301' title='bbox 1161 3899 1188 3949; x_wconf 90' lang='lat' dir='ltr'><strong>p.</strong></span> <span class='ocrx_word' id='word_1_302' title='bbox 1205 3883 1352 3944; x_wconf 77' lang='grc'><strong>857-890,</strong></span> 
     </span>
     <span class='ocr_line' id='line_1_35' title="bbox 173 3961 1352 4036; baseline 0.003 -18"><span class='ocrx_word' id='word_1_303' title='bbox 173 3963 326 4018; x_wconf 81' lang='lat' dir='ltr'><strong>Bordeausc</strong></span> <span class='ocrx_word' id='word_1_304' title='bbox 352 3965 441 4033; x_wconf 88' lang='grc'><strong>1888),</strong></span> <span class='ocrx_word' id='word_1_305' title='bbox 465 3966 564 4017; x_wconf 87' lang='lat' dir='ltr'><strong>contra</strong></span> <span class='ocrx_word' id='word_1_306' title='bbox 588 3979 651 4016; x_wconf 89' lang='lat' dir='ltr'><strong>eum</strong></span> <span class='ocrx_word' id='word_1_307' title='bbox 676 3961 768 4015; x_wconf 89' lang='lat' dir='ltr'><strong>Hiller</strong></span> <span class='ocrx_word' id='word_1_308' title='bbox 792 3965 949 4021; x_wconf 72' lang='lat' dir='ltr'><strong>Jahresber.</strong></span> <span class='ocrx_word' id='word_1_309' title='bbox 975 3967 1042 4020; x_wconf 87' lang='grc'><strong>1883</strong></span> <span class='ocrx_word' id='word_1_310' title='bbox 1066 3984 1093 4036; x_wconf 92' lang='lat' dir='ltr'><strong>p.</strong></span> <span class='ocrx_word' id='word_1_311' title='bbox 1116 3968 1169 4020; x_wconf 81' lang='grc'><strong>258</strong></span> <span class='ocrx_word' id='word_1_312' title='bbox 1189 3984 1242 4036; x_wconf 84' lang='lat' dir='ltr'><strong>sq.;</strong></span> <span class='ocrx_word' id='word_1_313' title='bbox 1265 3966 1352 4022; x_wconf 81' lang='lat' dir='ltr'><strong>Flaoh</strong></span> 
     </span>
     <span class='ocr_line' id='line_1_36' title="bbox 171 4047 1351 4122; baseline 0.002 -19"><span class='ocrx_word' id='word_1_314' title='bbox 171 4048 271 4119; x_wconf 74' lang='lat' dir='ltr'><strong>priests.</strong></span> <span class='ocrx_word' id='word_1_315' title='bbox 296 4047 386 4119; x_wconf 76' lang='lat' dir='ltr'><strong>Lprik</strong></span> <span class='ocrx_word' id='word_1_316' title='bbox 409 4067 436 4118; x_wconf 91' lang='lat' dir='ltr'><strong>p.</strong></span> <span class='ocrx_word' id='word_1_317' title='bbox 460 4049 525 4116; x_wconf 80' lang='lat'>4033</span> <span class='ocrx_word' id='word_1_318' title='bbox 554 4049 678 4102; x_wconf 77' lang='lat' dir='ltr'><strong>Corienn</strong></span> <span class='ocrx_word' id='word_1_319' title='bbox 702 4049 878 4116; x_wconf 83' lang='lat' dir='ltr'><strong>quaestiones</strong></span> <span class='ocrx_word' id='word_1_320' title='bbox 904 4049 1108 4121; x_wconf 85' lang='lat' dir='ltr'><strong>Theognideae,</strong></span> <span class='ocrx_word' id='word_1_321' title='bbox 1134 4052 1300 4122; x_wconf 81' lang='lat' dir='ltr'><strong>Propramm</strong></span> <span class='ocrx_word' id='word_1_322' title='bbox 1326 4070 1351 4108; x_wconf 84' lang='lat' dir='ltr'><strong>c.</strong></span> 
     </span>
     <span class='ocr_line' id='line_1_37' title="bbox 177 4131 1352 4207; baseline 0.003 -18"><span class='ocrx_word' id='word_1_323' title='bbox 177 4133 383 4200; x_wconf 76' lang='lat' dir='ltr'><strong>eeestemsnue,</strong></span> <span class='ocrx_word' id='word_1_324' title='bbox 410 4132 525 4204; x_wconf 82' lang='lat' dir='ltr'><strong>Lipsiae</strong></span> <span class='ocrx_word' id='word_1_325' title='bbox 554 4133 633 4199; x_wconf 81' lang='grc'><strong>1887;</strong></span> <span class='ocrx_word' id='word_1_326' title='bbox 661 4131 795 4187; x_wconf 76' lang='lat' dir='ltr'><strong>Schaelbr</strong></span> <span class='ocrx_word' id='word_1_327' title='bbox 822 4135 858 4188; x_wconf 87' lang='lat' dir='ltr'><strong>da</strong></span> <span class='ocrx_word' id='word_1_328' title='bbox 884 4135 993 4190; x_wconf 81' lang='lat' dir='ltr'><strong>iteratis</strong></span> <span class='ocrx_word' id='word_1_329' title='bbox 1020 4155 1064 4207; x_wconf 88' lang='lat' dir='ltr'><strong>ap.</strong></span> <span class='ocrx_word' id='word_1_330' title='bbox 1090 4138 1196 4207; x_wconf 86' lang='lat' dir='ltr'><strong>Theog.</strong></span> <span class='ocrx_word' id='word_1_331' title='bbox 1226 4137 1352 4192; x_wconf 87' lang='lat' dir='ltr'><strong>distichis</strong></span> 
     </span>
     <span class='ocr_line' id='line_1_38' title="bbox 174 4221 469 4287; baseline 0 -15"><span class='ocrx_word' id='word_1_332' title='bbox 174 4237 201 4287; x_wconf 92' lang='lat' dir='ltr'><strong>p.</strong></span> <span class='ocrx_word' id='word_1_333' title='bbox 219 4221 237 4272; x_wconf 73' lang='grc'><strong>4</strong></span> <span class='ocrx_word' id='word_1_334' title='bbox 254 4233 293 4286; x_wconf 81' lang='lat' dir='ltr'><strong>eq.</strong></span> <span class='ocrx_word' id='word_1_335' title='bbox 311 4222 341 4271; x_wconf 88' lang='lat' dir='ltr'><strong>et</strong></span> <span class='ocrx_word' id='word_1_336' title='bbox 357 4221 392 4272; x_wconf 76' lang='grc'><strong>88</strong></span> <span class='ocrx_word' id='word_1_337' title='bbox 409 4235 469 4287; x_wconf 83' lang='lat' dir='ltr'><strong>sqq.</strong></span> 
     </span>
    </p>
   </div>
   <div class='ocr_carea' id='block_1_4' title="bbox 0 0 1529 4846">
    <p class='ocr_par' dir='ltr' id='par_1_5' title="bbox 0 0 1529 4846">
     <span class='ocr_line' id='line_1_39' title="bbox 0 0 1529 4846; baseline 0 0"><span class='ocrx_word' id='word_1_338' title='bbox 0 0 1529 4846; x_wconf 95' lang='lat' dir='ltr'><strong> </strong></span> 
     </span>
    </p>
   </div>
  </div>
 </body>
</html>
