3036 4844
647 257 840 317 -5-‘

239 452 305 519 Sed
342 453 409 515 iam
447 451 543 513 nimis
576 447 680 512 multa
710 449 808 513 verba
843 448 924 528 feci,
965 453 1003 511 ut
1041 468 1174 511 carmen
1205 447 1281 512 inde
1311 470 1331 511 a

154 585 183 629 v.
207 566 331 625 19-26
352 562 516 644 integrum
539 581 646 641 neque
668 559 925 641 interpolatione
949 559 1165 641 depravatum
1200 559 1330 623 demon-

154 680 305 737 strarem.
349 671 534 739 Videamus
557 692 643 735 nunc
665 668 745 751 quid
771 670 975 752 sphragis
999 670 1057 733 illa
1076 670 1246 751 significet.
1284 668 1331 734 Ut

152 790 359 866 praeteream
377 780 561 848 Camerarii
584 788 617 846 et
632 779 806 846 Lentschii
829 781 1160 864 interpretationes¹),
1179 780 1330 862 plerique

153 895 214 957 viri
239 894 329 958 docti
355 893 567 958 Welckernm
596 892 714 974 secuti,
745 897 781 956 ut
806 891 1045 971 Schneidewin,
1069 890 1188 970 Hiller,
1214 889 1328 966 Flauii,

153 1005 306 1086 Orosius,
337 1025 456 1069 nomen
483 1010 600 1087 poetae
623 1004 753 1085 signum
775 1002 860 1065 illud
885 1001 1092 1083 intelligunt,
1128 1022 1192 1082 quo
1215 1001 1329 1082 elegiis

152 1117 244 1180 initio
265 1117 425 1197 impresso
447 1115 595 1178 carmina
613 1113 817 1196 aplagiariis
842 1111 1016 1177 defendere
1040 1117 1157 1175 auctor
1178 1110 1329 1176 voluerit.

152 1225 246 1309 Quae
264 1226 430 1290 sententia
445 1224 524 1288 mihi
548 1225 682 1288 minime
702 1223 888 1307 probabilis
906 1224 1047 1288 videtur.
1079 1223 1212 1287 Etenim
1231 1226 1331 1303 poeta

153 1336 301 1400 dicturus
320 1331 401 1399 ‘laec
420 1337 563 1398 carmina
583 1334 728 1419 Theognis
748 1332 891 1418 scripsit',
915 1335 942 1398 si
958 1334 1060 1399 verba
1075 1334 1157 1398 haec
1182 1332 1329 1396 fecisset:

151 1449 276 1531 siquam
296 1447 392 1510 uerbis
416 1448 606 1530 imprimam,
630 1467 689 1530 quo
710 1448 771 1509 viso
792 1448 1003 1530 uuusquisque
1027 1444 1207 1509 molummbit
1229 1438 1330 1505 ‘Theo-

150 1557 254 1640 pm'dis
275 1556 386 1637 ematl',
423 1557 574 1639 permire,
597 1579 638 1621 ne
659 1557 768 1620 dicam
791 1558 901 1639 inepte
931 1564 965 1621 et
993 1556 1105 1637 lingua
1133 1554 1333 1620 balbutienti

152 1667 279 1730 locutus
311 1673 414 1747 esset,
450 1689 524 1730 cum
553 1689 622 1731 rem
653 1667 832 1749 simplicem
862 1687 927 1730 non
951 1673 1064 1749 aperte
1095 1665 1236 1745 diceret,
1272 1663 1331 1728 sed

153 1776 261 1840 verbis
285 1776 462 1840 artificiose
485 1777 772 1841 circumscriberet
803 1782 836 1840 et
861 1776 997 1839 velaret.
1042 1776 1095 1838 Ao
1119 1796 1218 1857 quam
1239 1774 1329 1856 inep-

153 1893 232 1966 tum,
257 1888 351 1969 quasi
371 1887 435 1950 hoc
458 1886 580 1950 dicere:
609 1887 657 1950 Ec
679 1907 711 1951 eo
730 1886 811 1971 qaod
832 1885 881 1949 bic
902 1906 1011 1950 nomm
1034 1884 1215 1969 Theopmdis
1230 1886 1329 1967 posui,

155 2000 364 2081 uuusquisque
389 1997 463 2061 Imm
489 2001 631 2061 carmina
657 1997 840 2082 Theognidis
870 2017 929 2062 esec
956 2004 1118 2082 requescet.
1164 1994 1231 2062 Sed
1253 1995 1332 2058 licet

154 2109 208 2170 alii
238 2110 323 2172 hanc
346 2107 568 2172 elocutionem
591 2107 778 2191 elegantem
801 2108 963 2187 iudicent,
996 2114 1105 2172 tamen
1136 2107 1236 2172 verba
1266 2107 1332 2171 alia

153 2240 252 2282 causa
275 2220 362 2282 hanc
384 2218 690 2300 interpretationem
717 2240 784 2283 non
811 2218 1001 2300 admittunt,
1027 2239 1100 2282 cum
1123 2239 1258 2300 prorsus
1281 2219 1331 2282 in-

152 2330 241 2393 utilis
258 2334 346 2393 esset
367 2328 444 2393 talis
467 2328 626 2411 sphragis.
660 2329 768 2394 Poeta
785 2329 871 2393 enim
886 2327 1091 2411 Megarensis
1114 2350 1180 2393 non
1199 2349 1329 2393 carmen

153 2440 280 2523 epicum
302 2446 496 2522 perpetuum
520 2440 669 2521 scripsit,
700 2440 755 2504 ubi
776 2461 896 2505 nomen
919 2441 1020 2522 capiti
1040 2440 1225 2522 praefixum
1249 2441 1330 2504 satis

153 2557 260 2614 totum
281 2571 363 2633 opus
384 2549 596 2631 defendisset,
618 2551 677 2616 sed
700 2573 854 2634 magnum
874 2551 1052 2632 elegiarum
1071 2551 1205 2615 minoris
1229 2549 1330 2615 ambi·

152 2670 206 2725 tus
230 2660 449 2745 numerum2).
495 2660 587 2744 Quas
615 2662 738 2744 elegias
766 2683 840 2726 cum
875 2663 1064 2743 singulatim
1097 2663 1255 2725 recitatas
1279 2660 1335 2724 vel'

152 2773 261 2854 potius
299 2793 373 2836 cnm
411 2771 501 2836 tibiis
539 2776 690 2836 cantatas
722 2794 793 2837 esse
823 2774 856 2836 in
886 2772 1044 2836 conviviis
1077 2771 1251 2835 verisimile
1287 2772 1330 2834 sit

154 2882 256 2963 (quod
285 2887 386 2964 poeta
414 2882 485 2965 ipse
519 2881 591 2946 fore
621 2890 734 2965 sperat
761 2905 809 2947 vv.
835 2885 1029 2963 239-43),
1064 2903 1330 2965 unamquamque

155 2991 269 3055 eodem
293 2993 385 3072 signo
409 2994 518 3058 notari
541 3013 675 3056 necesse
699 3000 788 3072 erat,
821 3014 863 3056 ne
892 2999 1007 3056 auctor
1030 3013 1141 3055 earum
1166 2992 1330 3057 oblivione

153 3102 355 3168 obrueretur.
402 3102 644 3185 Exspectamus
674 3104 775 3186 igitur
805 3109 938 3185 poetam
961 3102 1069 3167 simile
1093 3102 1250 3184 quiddam
1282 3102 1329 3165 f-

154 3235 226 3277 cere
250 3220 350 3294 atque
374 3213 602 3297 Phocylidem,
636 3215 693 3297 qui
723 3214 794 3296 ipse
818 3235 951 3296 quoque
974 3235 1166 3296 gnomarum
1189 3217 1331 3298 scriptor
1375 3231 1379 3241 “

153 3324 284 3404 singula
306 3325 452 3389 carmina
473 3325 579 3389 verbis
602 3325 653 3389 καὶ
675 3321 747 3390 τόδε
770 3325 956 3390 morchidum
980 3347 1075 3391 orsus
1094 3333 1153 3390 est.

237 3433 310 3498 Iam
330 3434 486 3516 quidnam
506 3437 634 3519 signum
650 3437 732 3500 illud
749 3437 859 3517 fuerit,
876 3458 941 3501 non
962 3437 1086 3502 diutius
1104 3438 1237 3502 dubium
1258 3438 1328 3501 erit.

153 3543 285 3608 Etenim
308 3567 380 3610 cum
404 3547 509 3612 sexies
528 3555 562 3611 et
585 3547 772 3630 septuagies
794 3569 913 3612 nomen
935 3546 1066 3632 Cyrni
1090 3549 1236 3631 legatur,
1272 3568 1329 3611 no·

152 3731 232 3782 posse
256 3715 386 3783 probavit
408 3716 425 3769 l.
440 3732 462 3769 c.
487 3733 513 3783 p.
526 3717 637 3768 85-90.
680 3716 757 3787 Quae
781 3722 874 3771 autem
898 3721 1066 3785 sequnntur,
1094 3716 1235 3769 reicienda
1257 3719 1329 3780 sunt,

151 3801 315 3869 praesertim
335 3800 454 3855 absurda
473 3801 532 3854 eius
550 3801 688 3855 sententia
701 3801 735 3854 de
747 3803 891 3871 prooemio
906 3802 971 3855 libri
984 3802 1102 3854 metrice
1121 3801 1284 3871 composito.
1298 3831 1331 3838 -

151 3883 269 3938 Prorsus
290 3903 376 3954 prave
400 3887 444 3941 vir
467 3887 566 3940 doctus
588 3886 676 3941 verba
699 3887 747 3940 illa
765 3905 791 3956 q.
810 3905 829 3939 s.
848 3888 897 3937 τοῦ
917 3887 1065 3954 Μεγαρέως
1088 3902 1122 3938 ex
1140 3883 1330 3953 Xenophonte

152 3987 295 4024 removere
313 3972 415 4026 studet.
449 3971 503 4025 *Oui
520 3974 581 4026 iure
600 3973 761 4025 adversatur
780 3971 895 4025 Orusius
913 3990 940 4040 p.
953 3974 1012 4024 624.

241 4057 261 4123 ¹)
282 4059 322 4109 De
340 4057 374 4109 iis
392 4056 426 4111 cf.
445 4056 594 4111 Sitzlerum
612 4075 639 4126 p.
653 4059 696 4110 27.

238 4139 261 4208 9)
280 4141 411 4211 Hartung
435 4145 483 4211 qui
506 4160 617 4197 carmen
640 4146 808 4212 perpetuum
835 4141 920 4196 fnisse
938 4143 1020 4210 putat
1039 4143 1075 4209 (p.
1087 4141 1142 4208 25),
1166 4140 1225 4192 sine
1244 4139 1330 4195 dnbio

153 4230 236 4278 errat.
