3036 4844
656 417 871 544 VITA.

255 695 389 813 afflatus
419 746 493 794 sum
522 725 705 794 Mauricius
733 726 889 794 Schaefer
915 728 1155 798 Wladislaviae
1183 731 1347 817 (Loslau),

178 843 333 927 oppidulo
373 843 512 911 Silesiae
551 843 746 926 superioris
784 844 879 910 XXI.
920 845 973 911 die
1011 845 1132 914 mensis
1166 847 1236 914 Mai
1271 849 1349 915 anni

176 959 429 1028 MDCOOLVH
467 966 562 1042 patre
596 959 805 1042 Bemhardo,
845 965 951 1028 matre
985 961 1162 1030 Henrietta
1196 983 1214 1029 e
1252 966 1350 1047 gente

176 1076 393 1157 Hollaender,
418 1076 579 1142 ambobus
602 1075 843 1158 superstitibus.
903 1077 1029 1161 Quibus
1053 1083 1090 1144 ut
1117 1078 1256 1162 benigno
1280 1080 1349 1147 fato

176 1191 280 1258 vitam
302 1191 337 1258 in
357 1196 539 1258 extremam
556 1195 758 1258 senectutem
774 1192 954 1273 producere
971 1193 1139 1278 contingat
1153 1199 1222 1262 toto
1240 1194 1348 1262 animo

176 1327 302 1391 precor.
349 1307 444 1375 Fidei
468 1308 619 1374 addictus
643 1327 715 1374 sum
736 1307 896 1377 iudaicae.
943 1310 1145 1377 Litterarum
1161 1310 1349 1393 primordiis

175 1423 208 1491 in
232 1422 341 1506 patria
363 1423 508 1490 imbutus
537 1428 712 1491 auctumne
749 1425 824 1491 anni
857 1431 941 1492 1868
976 1427 1184 1511 gymnasium
1219 1427 1349 1512 regium

177 1540 408 1607 Ratiboriense
447 1539 529 1622 adii,
569 1541 654 1622 quod
694 1545 771 1608 tunc
811 1541 979 1625 Gaedhio,
1019 1543 1135 1610 deinde
1173 1545 1349 1626 Rudolpho

177 1657 390 1738 Kuenstlero,
413 1656 485 1724 viro
509 1656 641 1741 egregie
665 1658 705 1724 de
729 1657 846 1726 studiis
871 1658 951 1725 meis
975 1658 1102 1741 merito,
1132 1659 1349 1727 directoribus

177 1773 326 1840 florebat.
362 1774 472 1841 Huius
492 1772 555 1841 viri
579 1779 793 1856 praematura
815 1778 920 1841 morte
944 1775 1062 1842 litteris
1086 1781 1119 1842 et
1134 1776 1267 1843 scholae
1292 1779 1349 1844 ab·

176 1890 261 1972 repti
285 1889 477 1956 memoriam
501 1895 595 1974 grato
620 1889 728 1956 anirno
745 1891 853 1956 colere
869 1909 933 1957 non
949 1891 1108 1958 desinam.
1147 1892 1350 1960 Maturitatis

176 2006 362 2074 testimonio
386 2007 567 2075 instructus
590 2027 669 2074 vere
693 2006 769 2073 anni
795 2011 879 2073 1875
903 2008 1095 2074 Berolinum
1130 2011 1182 2074 me
1217 2010 1350 2091 contuli,

176 2128 215 2190 ut
238 2125 476 2191 aldommseno
500 2124 585 2190 inter
601 2124 691 2191 cives
712 2124 919 2191 academicos
943 2124 1129 2206 adscriptus
1152 2125 1351 2208 philologiae

179 2243 213 2306 et
235 2239 393 2306 historiae
417 2240 535 2308 studiis
559 2260 610 2306 me
639 2239 802 2306 dederem.
860 2241 926 2307 Per
961 2240 1063 2308 octies
1098 2260 1194 2308 sonos
1223 2260 1350 2309 menses

179 2355 299 2422 scholis
337 2355 484 2437 interfui,
520 2373 602 2438 quas
647 2356 832 2422 habuerunt
871 2356 934 2422 viri
974 2356 1164 2423 clarissimi:
1205 2356 1350 2438 Curtius,

178 2472 212 2538 J.
230 2471 272 2540 G.
289 2472 442 2557 Dropsen
466 2470 524 2559 (i),
548 2472 698 2553 bener,
723 2469 765 2536 A.
787 2471 970 2554 Kirchhoff,
994 2472 1133 2554 Lasson,
1157 2475 1352 2555 Mommsen,

179 2586 330 2669 Nitnsch,
365 2587 483 2673 Prutz,
522 2589 662 2670 Robert,
698 2586 876 2669 Steinthal,
910 2608 942 2654 v.
967 2586 1176 2670 Treitsohke,
1211 2590 1351 2672 Vahlen,

179 2704 297 2770 Zeller.
343 2704 523 2776 Praeterea
545 2703 609 2771 viri
636 2703 814 2771 momoriae
838 2708 992 2770 aeternae
1018 2705 1052 2771 J.
1078 2704 1120 2773 G.
1145 2707 1297 2789 Droysen
1320 2712 1352 2772 et

179 2820 327 2903 Nitzsch,
351 2824 389 2887 ut
411 2820 654 2902 historicarum,
682 2821 725 2886 A.
749 2820 927 2886 Kirchhoff
947 2825 980 2886 et
1002 2820 1132 2887 Vahlen
1160 2826 1197 2888 ut
1225 2821 1352 2904 epigra-
1415 2861 1417 2866 ,

180 2938 352 3020 phicarum
390 2943 424 3004 et
458 2937 733 3021 philologicarum
770 2936 1042 3003 exercitationum
1086 2937 1209 3003 sodalis
1245 2958 1352 3005 essem

181 3054 320 3138 benigne
359 3057 599 3122 concesserunt.
670 3051 797 3137 Quibus
836 3052 915 3118 viris
956 3052 1105 3119 omnibus
1145 3051 1352 3136 doctissimis

180 3190 319 3253 quorum
344 3169 519 3252 disciplina
547 3169 694 3237 eruditus
723 3189 806 3251 sum,
841 3169 966 3252 gratias
1002 3188 1065 3252 ago
1100 3168 1353 3238 candidissimas

181 3306 374 3371 semperque
390 3288 529 3354 habebo.
560 3285 718 3354 Societati
735 3285 945 3352 academicae
968 3284 1187 3369 philologieae
1210 3306 1269 3368 per
1285 3291 1353 3355 stu-

181 3380 309 3470 diorum
334 3422 481 3469 meorum
505 3402 755 3485 quadriennium
783 3401 916 3469 interfui
940 3408 974 3469 et
1008 3400 1058 3468 bis
1093 3422 1189 3469 senos
1224 3422 1353 3470 menses

181 3518 319 3602 praebri.
365 3512 470 3585 ‘Anni
507 3525 592 3585 1880
627 3538 740 3585 mense
774 3518 874 3585 Junio
911 3519 1061 3584 examine
1100 3538 1160 3600 pro
1196 3519 1355 3586 facultate

181 3636 318 3705 docendi
357 3637 515 3718 probatus
556 3635 702 3703 eiusdem
740 3634 816 3702 anni
862 3639 1040 3702 auctumne
1084 3635 1353 3717 praeceptoribus
1408 3692 1410 3696 .

180 3753 358 3841 gymnasii,
393 3754 479 3837 quod
514 3758 635 3820 vocant
668 3754 772 3834 reale,
809 3751 1032 3835 auspiciisque
1068 3749 1255 3832 Schwalbii,
1291 3751 1354 3817 viri

181 3870 362 3939 doctissimi
387 3875 419 3937 et
442 3869 681 3951 humanissimi,
705 3870 808 3949 ssoret,
834 3872 1034 3950 aggregatus
1058 3886 1142 3947 sum,
1171 3872 1209 3932 ut
1232 3885 1353 3933 annum

180 3986 322 4055 tirocinii
345 3987 379 4054 in
402 3986 514 4070 pueris
538 3986 746 4052 instituendis
763 3985 979 4050 absolverem.
1025 3981 1208 4061 Postquam
1231 3982 1353 4048 ibidem

181 4125 239 4186 per
278 4108 350 4171 octo
391 4122 493 4170 annes
534 4100 684 4185 magistri
723 4098 883 4166 adiutoris
923 4117 1056 4164 munere
1095 4097 1227 4164 functus
1269 4117 1351 4178 sum,

180 4221 314 4287 tandem
337 4237 449 4286 mense
473 4218 610 4287 Octobri
634 4215 710 4284 anni
736 4220 820 4280 1889
845 4213 992 4297 contigit,
1016 4216 1054 4279 ut
1077 4212 1234 4284 ordinarii
1257 4232 1353 4296 prae·

182 4335 323 4419 ceptoris
347 4353 465 4402 munus
489 4334 569 4402 mihi
593 4332 813 4399 mandaretur.
840 4368 881 4377 -
