3036 4844
670 237 879 297 „10-

190 427 384 511 scriptorum
398 430 598 495 confidentia
614 436 646 493 et
662 431 849 495 aestimatio
860 431 910 494 sui
922 430 963 495 ab
976 429 1162 493 bominibus
1174 435 1363 494 nostrorum

190 543 372 621 temporum
396 541 504 605 aliena
534 539 622 625 apud
645 542 798 623 antiquos
826 562 891 605 non
914 541 1046 605 insolita
1069 547 1128 605 est.
1174 539 1249 624 Qua
1270 541 1304 619 in
1326 562 1362 605 re

190 651 270 714 satis
298 657 349 715 est
379 651 419 715 do
448 650 556 715 Ennio
586 650 689 733 (apud
719 649 787 715 Oic.
817 651 912 718 'Pnsc
944 652 1036 732 115,
1071 653 1124 732 34)
1157 656 1191 714 et
1219 649 1361 715 Horatio

190 768 293 842 (carm
316 761 427 842 1120,
451 761 510 826 ΙΙΙ
530 765 569 825 30
583 762 616 840 ¹),
641 760 692 827 IV
715 763 746 843 3)
770 763 956 827 admonere.
995 761 1067 827 Nec
1087 764 1193 825 minus
1211 781 1362 844 perverse

190 880 292 953 agunt
320 875 378 955 qui
409 893 540 937 carmen
571 874 604 936 in
636 872 717 937 duas
744 872 795 936 vel
818 876 885 936 tres
908 871 1094 938 dilacerant
1113 879 1234 957 partes.
1276 870 1362 936 Her·

190 1004 298 1064 mann,
329 984 493 1065 Hartung,
522 983 668 1049 Leutsch
691 983 827 1067 (Philol.
849 982 982 1046 XXIX
1002 1005 1033 1065 p.
1061 988 1121 1047 680
1142 990 1204 1067 sq.)
1227 983 1362 1048 alteram

192 1095 329 1176 elegiam
348 1098 454 1158 1246
475 1095 686 1175 concludunt,
710 1096 847 1159 alteram
869 1095 961 1158 cuius
984 1094 1113 1157 initium
1137 1095 1292 1158 amissum
1309 1095 1361 1173 sit,

190 1204 266 1269 inde
289 1227 309 1268 a
330 1227 358 1269 1.
383 1209 443 1269 247
467 1207 611 1288 incipere
633 1205 755 1270 volunt.
802 1205 926 1272 Versus
949 1212 1059 1269 autem
1084 1211 1246 1270 extremos
1269 1207 1363 1288 25314

190 1314 338 1380 Leutsch
365 1316 399 1379 in
430 1314 508 1381 sede
539 1337 597 1380 sua
624 1317 793 1400 relinquit,
821 1317 976 1399 Hartung
1005 1323 1081 1399 post
1111 1319 1173 1379 246
1202 1315 1361 1394 adnectit,

191 1425 362 1490 Hermann
385 1432 422 1490 ut
446 1426 581 1490 tertium
603 1426 823 1509 fragmentum
849 1428 999 1492 secludit.
1044 1427 1093 1491 At
1114 1447 1249 1510 prorsus
1279 1426 1362 1491 falso

190 1543 265 1618 post
288 1558 315 1601 v.
339 1540 400 1600 246
429 1538 478 1600 illi
500 1538 661 1616 incidunt,
690 1559 764 1602 cum
788 1539 888 1602 mirus
913 1545 998 1604 esset
1024 1559 1129 1619 casus,
1161 1539 1188 1601 si
1219 1538 1364 1602 carmina

191 1647 297 1711 aliens¹
320 1648 368 1712 ita
394 1649 427 1712 in
459 1671 559 1714 unum
590 1649 806 1726 coaluissent,
838 1655 875 1715 ut
902 1650 1001 1715 verba
1028 1649 1164 1713 alterius
1194 1648 1364 1731 aptissime

192 1759 331 1822 alterum
355 1761 550 1843 exciperent.
598 1759 714 1844 Neque
734 1762 930 1826 sententiam
951 1762 1000 1826 bis
1016 1761 1191 1844 repetitam
1209 1758 1363 1837 concedo,

192 1891 266 1943 cum
289 1870 400 1953 Bergk
423 1894 471 1935 vv.
496 1876 644 1937 237—43
660 1872 702 1936 ad
717 1871 855 1953 gloriam
871 1871 974 1954 Oyrni
992 1872 1065 1949 1111,
1089 1891 1199 1935 111111
1223 1891 1362 1953 sequen-

189 1988 239 2045 tes
267 1982 310 2045 ad
341 1985 460 2047 mortui
490 1984 655 2066 pertinere
680 1983 837 2047 docuerit.
880 1981 932 2046 Ne
961 1982 1142 2065 loquacitas
1172 1980 1304 2064 quidem
1332 1989 1365 2045 et

104 2123 106 2126 >
190 2092 365 2157 verborum
388 2095 484 2176 copia
507 2093 635 2177 aliquid
659 2093 732 2155 miri
753 2092 851 2156 habet
873 2099 988 2174 utpote
1011 2114 1095 2175 quae
1119 2092 1248 2175 saepius
1277 2091 1364 2175 apud

191 2210 323 2286 poetam
345 2209 494 2267 nostrum
524 2211 676 2268 occurrat
687 2203 721 2283 ²).
765 2203 917 2286 Exempli
944 2225 1043 2268 causa
1072 2226 1119 2267 11.
1141 2207 1268 2267 43-52
1294 2221 1364 2266 111·

192 2314 272 2391 bose
295 2314 493 2396 compositos
524 2313 644 2394 affero,
672 2314 729 2377 ubi
759 2337 808 2380 vv.
831 2318 872 2377 49
903 2320 936 2378 et
967 2319 1007 2378 50
1039 2315 1157 2380 Sitzler
1186 2314 1268 2378 adeo
1298 2334 1365 2377 non

192 2425 262 2488 iure
292 2424 482 2506 proscribit,
520 2432 559 2490 ut
588 2424 622 2488 in
650 2425 690 2489 iis
719 2425 828 2508 potius
859 2427 1027 2509 proprium
1056 2432 1176 2509 poetae
1207 2424 1365 2507 quiddam

191 2536 435 2617 agnoscendum
459 2536 511 2599 sit.
556 2534 684 2619 Nempe
715 2557 779 2600 non
801 2557 876 2601 raro
899 2538 1070 2601 enuntiato
1095 2536 1289 2601 secundario
1316 2537 1364 2599 in-

192 2648 258 2730 cipi
291 2647 455 2728 videmus,
488 2647 645 2730 primario
679 2649 788 2732 pergi,
823 2647 1054 2712 secundarium
1089 2647 1230 2712 alterum
1261 2647 1365 2730 priori

193 2759 342 2824 similiter
364 2759 606 2824 conformatum
626 2759 770 2842 adiungi.
817 2759 865 2825 Ut
886 2780 935 2823 11.
953 2763 1079 2823 93-96
1103 2780 1184 2842 quos
1206 2759 1364 2840 genuinos

192 2870 308 2936 iudico.
355 2870 481 2935 Eodem
505 2872 650 2954 pertinet
673 2871 761 2955 quod
782 2879 879 2954 poeta
900 2894 928 2934 1.
952 2876 992 2935 37
1016 2871 1117 2935 111111
1143 2870 1232 2953 quod
1254 2891 1301 2934 11.
1324 2873 1362 2933 31

193 2986 226 3046 11
257 2984 296 3046 32
329 2982 468 3048 dixerat.
522 2981 647 3048 Versus
675 2982 817 3067 denique
851 2983 946 3068 asela
976 3003 1039 3046 non
1072 2982 1156 3047 male
1189 2980 1232 3045 ad
1266 2980 1365 3045 verba

194 3093 425 3158 antecedentia
447 3094 567 3159 adnexi
587 3094 667 3158 mibi
690 3093 822 3178 quidem
841 3094 1003 3159 videntur.
1047 3080 1180 3158 Etenim
1202 3078 1302 3173 poeta
1323 3093 1365 3155 ad

193 3205 410 3287 pertinaciam
441 3209 474 3268 et
502 3206 646 3268 animum
680 3206 847 3288 ingratum
882 3205 977 3289 pueri
1010 3205 1135 3286 optime
1170 3203 1367 3267 illustranda

193 3335 336 3397 quonam
366 3315 462 3378 modo
487 3315 601 3378 melius
622 3315 776 3398 progredi
796 3320 936 3398 poterat,
961 3335 1059 3397 quam
1083 3314 1244 3396 explicato
1268 3334 1366 3397 qnam

193 3423 276 3487 bene
307 3423 348 3487 de
377 3444 415 3488 eo
445 3425 581 3488 meritus
612 3433 699 3491 esset
729 3446 866 3508 pergere
893 3425 1000 3489 verbis
1028 3424 1154 3489 acerbis
1182 3425 1248 3488 illis
1281 3446 1311 3507 q.
1341 3445 1365 3487 s.

194 3528 294 3619 αὐτάρ
317 3531 379 3616 ἐγώ
401 3530 467 3598 οὐδ’
484 3530 590 3620 ὀλίγης
612 3535 697 3600 etc?
722 3534 815 3619 Quae
835 3556 910 3600 cum
933 3536 980 3599 ita
1003 3536 1078 3616 sint,
1097 3541 1203 3599 totam
1227 3535 1366 3617 elegiam

282 3764 302 3830 ¹)
321 3762 386 3817 Hoc
410 3779 520 3832 quoque
545 3779 656 3818 carmen
680 3764 716 3817 ad
739 3765 897 3833 exemplum
921 3763 1059 3818 Graecum
1085 3762 1178 3816 redire
1202 3778 1236 3814 ex
1261 3762 1367 3815 Critiae
1465 3787 1468 3795 ·

194 3849 227 3904 fr.
242 3853 258 3903 7
276 3853 470 3920 argumentum
488 3849 579 3902 simile
598 3848 747 3903 exhibente
766 3850 893 3904 conicere
911 3850 985 3903 licet.

279 3953 300 4017 ²)
320 3953 469 4007 (11111111.
489 3970 511 4008 1.
530 3972 558 4023 p.
570 3955 637 4008 627:
662 3953 703 4007 Es
726 3952 766 4007 ist
783 3952 840 4006 dies
860 3950 983 4019 jectehel
1003 3948 1137 4019 Theognis
1160 3947 1210 4000 wic
1228 3946 1269 4000 ba
1294 3947 1368 4001 allen

191 4038 377 4107 griechischen
400 4039 547 4109 Eleythern
573 4038 617 4106 oft
639 4055 675 4092 zu
698 4035 892 4092 bechochteade
910 4034 1107 4102 Fortfhhrung
1131 4032 1177 4086 des
1203 4031 1368 4087 Gedcnheno

191 4121 234 4177 ‘in
254 4122 453 4192 Spircllinien'.
