3036 4844
683 260 890 320 -ssg..

200 457 292 535 1349,
316 451 439 518 Simon.
457 453 494 520 O.
509 457 579 533 145,
599 458 615 518 l
640 453 693 539 (cs.
715 457 784 535 129,
804 461 839 535 1;
865 456 987 534 146,1;
1013 452 1084 534 147,
1102 457 1150 533 ὅ),
1172 447 1373 535 Λιγυαστάδη

199 562 267 629 Sol.
281 568 331 645 20,
345 567 382 643 3;
403 561 560 651 Εὐριπίδη
576 564 638 628 100
658 569 696 645 5;
720 563 873 646 Sophcol.
894 567 925 646 4,
940 568 973 644 1,
994 562 1155 628 Addaeus
1179 566 1262 644 9,1;
1286 560 1372 626 Her·

196 673 331 739 mesian.
355 679 385 750 3,
406 679 446 738 67
467 675 519 755 (cf.
543 673 689 759 Thucyd.
711 697 737 740 v.
764 675 811 760 1);
831 674 975 739 Λεωνίδα
996 673 1119 741 Simon.
1151 672 1188 741 O.
1211 676 1293 753 95,1
1318 672 1372 753 (of.

82 849 84 855 ,
195 781 301 849 Leon.
325 785 399 850 Tar.
425 790 475 866 91,
493 791 534 865 5).

282 926 425 1010 Quintus
448 929 588 1013 denique
617 951 675 1013 pes
701 931 735 994 in
757 938 897 1014 utraque
926 931 1012 995 thesi
1035 930 1161 994 hiatum
1183 949 1373 996 concessum

195 1039 313 1121 habet3
343 1062 419 1105 nam
449 1042 537 1125 quod
565 1041 653 1126 apud
680 1042 928 1124 antiquissimos
956 1042 1082 1124 primae
1105 1041 1209 1106 thesis
1237 1040 1372 1123 nullum,

196 1149 333 1217 alterins
354 1173 455 1217 unum
478 1153 662 1235 exemplum
686 1159 812 1234 exstat,
844 1174 969 1219 merum
991 1174 1104 1217 casum
1127 1172 1197 1217 esse
1220 1158 1372 1236 apparet,

197 1261 224 1327 si
244 1263 409 1330 rationem
425 1263 584 1329 hahemus
606 1285 680 1329 cum
694 1263 892 1344 Mimnermi,
914 1263 1055 1346 Solonis,
1080 1264 1285 1346 sequentium
1300 1269 1372 1329 tum

194 1373 380 1439 homericae
391 1374 649 1440 consuetudinis,
671 1372 747 1439 Non
758 1376 1022 1458 praetermittam
1037 1373 1144 1440 dicere
1157 1373 1243 1440 hunc
1254 1374 1373 1458 pedem

197 1484 295 1550 etiam
320 1487 424 1567 magis
448 1507 546 1569 quam
570 1488 725 1571 quartum
753 1484 929 1550 verborum
949 1485 1071 1550 formas
1092 1486 1126 1551 in
1146 1510 1180 1552 αι
1199 1487 1372 1552 amavisse.

280 1628 562 1714 Interpunctione,
588 1639 626 1697 ut
647 1632 711 1696 hoc
727 1652 859 1715 quoque
881 1653 945 1695 non
963 1631 1183 1714 neglegamus,
1207 1633 1373 1716 correptio

193 1741 320 1807 vocalis
337 1742 457 1826 longae
469 1743 521 1808 vel
538 1742 735 1828 diphthongi
750 1743 927 1809 adiuvatur
942 1764 1016 1808 raro
1038 1744 1072 1808 in
1087 1743 1172 1809 thesi
1193 1742 1280 1808 alter
1296 1764 1372 1827 ape·

195 1852 246 1919 dis
269 1853 368 1937 primi
390 1860 423 1919 et
439 1854 555 1936 quinti,
576 1874 734 1938 persaepe
752 1855 787 1919 in
807 1855 922 1921 eadem
944 1854 1030 1920 thesi
1053 1853 1146 1939 pedis
1165 1854 1276 1937 quarti
1294 1860 1372 1920 ante

190 1985 363 2030 caesuram
396 1963 590 2029 bucolicam.
644 1964 810 2034 Versuum
844 1967 931 2032 enim
965 1971 1026 2032 250
1067 1966 1123 2050 qni
1160 1964 1207 2029 ibi
1243 1965 1372 2032 hiatum

191 2073 391 2161 dactylicum
403 2075 617 2157 admiserunt,
639 2077 905 2162 interpunctione
918 2077 1067 2160 graviore
1082 2077 1273 2142 inciduntur
1298 2080 1369 2159 132,

191 2187 213 2251 i.
239 2209 265 2253 e.
287 2186 362 2271 plus
384 2186 520 2251 dimidia
542 2191 647 2269 parte.
681 2186 777 2271 Quod
800 2208 873 2254 oum
895 2211 961 2255 non
980 2189 1089 2255 minus
1111 2188 1200 2273 apud
1217 2189 1370 2272 antiquos

188 2297 252 2363 fiat
274 2317 373 2380 quam
394 2297 483 2380 apud
504 2297 703 2363 recentiores
727 2296 861 2383 (Oallin.
883 2339 919 2349 -
947 2299 1094 2383 Theogn.
1116 2298 1150 2363 A
1171 2303 1311 2381 34:65),
1332 2321 1370 2365 eo

192 2410 297 2491 magis
319 2409 354 2473 in
379 2409 544 2474 sententia
566 2415 681 2475 nostra
703 2412 995 2495 perseverabimus,
1026 2431 1092 2476 non
1118 2410 1177 2477 illo
1206 2411 1305 2476 modo
1335 2417 1372 2477 01

193 2520 315 2586 Hartel
346 2526 378 2586 et
400 2518 542 2586 Grulioh
572 2521 748 2587 voluerunt
776 2522 923 2588 vocalem
954 2543 1039 2607 quae
1071 2523 1193 2606 corripi
1222 2521 1372 2588 videatur

194 2653 268 2697 curn
306 2631 411 2697 vocali
451 2632 644 2716 insequente
684 2633 954 2718 pronunciatione
994 2633 1177 2700 arctissime
1217 2633 1372 2718 coniungi

193 2744 323 2810 dehere.

278 2888 397 2955 Restat
418 2895 456 2955 01
477 2889 518 2954 (10
539 2896 745 2973 pentametro
768 2887 943 2957 dicendum
960 2890 1014 2958 sit.
1058 2890 1100 2955 Ιο
1121 2911 1186 2975 quo
1206 2890 1370 2975 legitimas

193 3001 319 3068 vocalis
335 3001 562 3085 corripiendae
576 3002 670 3068 sedes
687 3003 777 3067 solos
792 3003 932 3085 primum
945 3008 978 3067 et
994 3007 1150 3085 quartum
1162 3001 1280 3085 podem
1303 3024 1372 3069 esse

193 3133 289 3178 nemo
313 3133 381 3178 non
402 3112 527 3177 videbit
549 3133 724 3196 omnesque
747 3135 859 3178 versus
882 3112 939 3178 uhi
961 3114 1045 3178 haec
1070 3113 1124 3178 lex
1153 3111 1295 3178 violetur
1315 3122 1374 3180 aut

194 3224 326 3288 vitiatos
345 3227 404 3289 001
435 3223 564 3306 spurios
586 3224 763 3290 ducendos.
810 3223 895 3290 Sunt
925 3229 1033 3290 autem
1064 3245 1177 3290 versus
1199 3224 1372 3309 inquibus

194 3340 366 3418 peccatum
389 3338 449 3415 est,
472 3335 523 3400 hi:

197 3475 323 3562 Theog.
349 3482 412 3543 270
434 3477 490 3563 (O)
513 3477 615 3564 πάντῃ
635 3478 767 3566 δ’ἑχθρή
791 3476 879 3561 ὁμῶς
900 3486 1029 3564 γίνεται,
1052 3480 1132 3546 ἔνθα
1151 3471 1252 3568 00ρῇ

238 3627 280 3638 -
348 3593 409 3654 932
432 3587 486 3670 (0)
510 3587 618 3671 οὐδεὶς,
638 3584 675 3677 ἢν
699 3589 744 3676 μή
767 3586 827 3676 ὁρᾷ
849 3589 996 3678 χρήμαια
1017 3593 1188 3675 λειπόμενα

197 3702 312 3770 Simm.
335 3702 445 3768 Rhod.
470 3705 555 3782 18,2
578 3701 665 3782 (VII
688 3705 743 3785 60)
766 3700 881 3767 nodos
904 3715 1003 3769 notrae
1024 3702 1103 3788 ἀνήρ
1124 3709 1215 3782 θεῖος
1239 3703 1372 3789 Ἀριστο-

1010 3816 1100 3900 κλέης

198 3924 399 4008 Xenophan.
423 3929 452 4005 6,
476 3928 495 3988 3
519 3923 613 4009 φασὶν
629 3922 820 4006 §notaveram
839 3926 890 3989 καὶ
907 3926 977 3990 τόδε
1000 3925 1125 4011 φάσθαι
1144 3925 1222 4015 ἔπος

197 4033 323 4118 Theog.
347 4039 408 4100 226
432 4032 486 4115 (O)
508 4039 552 4118 τῷ
574 4032 608 4098 δὲ
630 4034 833 4100 detondeatur
855 4036 976 4116 μᾶλλον
999 4035 1129 4103 ἄπιστοι
1150 4034 1234 4104 ἅδον.

283 4207 395 4293 Atque
418 4207 458 4272 de
480 4204 618 4273 Simmia
639 4206 770 4288 quidem
794 4207 898 4272 omnis
927 4208 1071 4292 suspicio
1095 4209 1227 4277 sublata
1254 4217 1304 4277 est
1332 4214 1370 4295 si,
