3036 4844
665 267 876 326 -27-

179 456 350 540 parodiam
373 457 443 522 eius
462 458 591 539 generis
613 458 710 541 quale
731 457 880 523 Oorsenn
901 459 1019 523 statuit
1041 458 1172 541 (1142),
1194 458 1263 526 scil.
1286 459 1357 523 imi·

179 569 346 648 tationem,
371 568 491 632 nedum
513 569 686 652 parodiam
708 569 861 652 propriae
882 570 1036 650 notionis,
1060 576 1097 634 ut
1121 576 1170 635 est
1193 572 1357 636 sententia

106 698 109 703 ·
178 691 239 742 van
263 677 324 743 der
346 679 443 763 Meyi.
490 679 636 745 Parodia
665 681 752 744 enim
782 679 830 760 fit,
863 680 890 743 si
910 680 1010 744 verba
1033 681 1177 744 auctoris
1208 686 1287 744 nota
1313 680 1358 745 ad

176 812 244 856 rem
269 791 412 855 alienam
432 792 480 854 ita
503 790 700 855 adhibentur
717 797 754 855 ut
769 793 855 855 risus
878 791 1055 871 legentium
1076 797 1257 855 moveatur.
1290 789 1356 856 sed

177 901 349 966 existimas
366 907 498 984 poetam
516 902 544 965 si
560 924 607 965 vv.
622 906 703 965 1267
715 923 787 984 sqq.
803 904 850 965 ita
866 902 954 981 fecit,
969 900 1146 965 credidisse
1163 922 1273 965 omnes
1287 922 1356 966 car·

176 1028 249 1077 men
271 1033 367 1077 suum
388 1012 533 1094 legentes
553 1013 620 1077 loci
635 1012 725 1076 illius
742 1010 946 1092 Theognidei
962 1010 1219 1076 recordaturos?
1240 1012 1354 1093 Atque

175 1144 308 1189 carmen
324 1124 407 1189 illud
428 1127 596 1188 1267-70
612 1125 808 1188 amatorium
829 1128 886 1197 est,
904 1122 987 1185 nihil
1002 1122 1109 1201 aliud;
1127 1143 1168 1186 ne
1184 1122 1355 1186 minimum

175 1234 311 1316 quidem
333 1235 468 1300 ridiculi
490 1235 617 1299 habet·

262 1360 500 1429 Gravissimum
531 1367 642 1426 autem
678 1361 864 1443 exemplum
896 1361 1052 1444 parodiae
1085 1360 1125 1426 de
1156 1382 1221 1443 quo
1253 1361 1353 1427 ceteri

175 1496 241 1538 non
265 1474 420 1539 dubitant
431 1474 466 1552 ¹),
492 1478 599 1537 exstat
622 1475 823 1547 1113491501

330 1614 411 1682 οὕτω
433 1617 477 1703 μή
499 1618 652 1699 θαύμαζε,
679 1617 846 1701 Σιμωνίδη,
867 1613 978 1682 οὕνεκα
1001 1616 1087 1700 aoiyui

424 1728 575 1813 ἕξεδάμην
594 1730 691 1792 καλοῦ
713 1727 828 1804 παιδὸς
850 1727 944 1806 ἔρωτι
964 1727 1081 1808 δαμείς.

175 1891 269 1958 Haec
303 1893 337 1956 in
371 1891 435 1957 fine
467 1892 592 1975 elegiae
621 1892 732 1973 posita
765 1889 881 1953 dicunt
910 1889 1044 1952 dubium
1077 1911 1142 1952 non
1168 1908 1239 1953 esse
1274 1889 1352 1970 quin

173 2024 330 2087 expressa
360 2004 426 2068 sint
457 2025 496 2068 ex
518 2004 568 2067 his
591 2003 771 2066 carminum
797 2002 1016 2082 genuinorum
1039 1999 1183 2064 versibus
1210 1999 1352 2063 ultimis:

242 2170 269 2212 v.
295 2152 352 2212 25:
376 2145 465 2212 οὐδὲν
481 2148 672 2230 θαυμαστόν,
691 2142 974 2228 ΠολυπαΐδηὊὸὁὲ
990 2144 1050 2229 γάρ
1072 2141 1089 2209 ὁ
1105 2146 1185 2221 Ζεύς
1197 2146 1261 2209 κτλ.

217 2264 250 2324 11
275 2262 352 2324 191:
375 2253 458 2323 οὕτω
477 2258 522 2344 μή
544 2257 689 2339 θαύμαζε
712 2261 810 2339 γένος,
836 2255 1027 2341 Πολυπαΐόη,
1051 2255 1156 2321 ἀστῶν
1177 2259 1241 2323 κτλ.

172 2440 290 2524 Quid?
312 2439 378 2522 Qui
397 2440 469 2504 fieri
484 2444 594 2520 potest
610 2443 646 2501 ut
662 2444 837 2518 utrumque
860 2436 970 2501 locum
994 2437 1138 2519 scriptor
1161 2437 1352 2520 appendicis

174 2552 321 2616 imitatus
345 2549 412 2613 sit?
433 2547 589 2612 Nonnisi
608 2548 814 2624 alterutrum,
835 2547 964 2629 opinor,
983 2547 1052 2611 scil.
1069 2570 1097 2614 v.
1116 2552 1186 2612 191.
1221 2547 1352 2612 Etenim

172 2662 202 2724 si
222 2682 252 2726 r.
278 2663 337 2723 191
366 2661 414 2724 ita
443 2660 624 2741 exscripsit,
650 2665 687 2722 ut
716 2662 857 2741 speciem
879 2660 990 2739 habet,
1022 2678 1086 2722 non
1114 2664 1224 2741 potest
1253 2659 1350 2722 simul

174 2776 266 2835 1125
292 2773 483 2853 respexisse.
529 2771 711 2834 Praeterea
740 2790 853 2834 versus
885 2775 925 2834 25
948 2791 1013 2834 nou
1037 2768 1119 2833 adeo
1148 2768 1265 2832 similis
1288 2773 1347 2833 est.

171 2881 210 2948 Si
230 2888 342 2945 'tamen
369 2882 402 2946 in
425 2882 591 2946 sententia
614 2903 673 2945 sua
697 2881 878 2946 adversarii
901 2883 1122 2962 perseverant,
1146 2877 1217 2941 scil.
1240 2877 1350 2941 locum

170 2991 371 3056 simillimum
404 3013 487 3072 esse,
522 3013 560 3056 eo
595 2993 697 3075 magis
731 3012 786 3056 eos
822 2991 862 3055 de
896 2990 1014 3054 ceteris
1048 3008 1159 3053 errare
1190 2988 1348 3069 sequitur.

172 3099 260 3184 Quid
281 3101 391 3167 enim?
414 3103 449 3168 Si
472 3124 508 3166 re
528 3123 605 3166 vera
621 3102 672 3166 bis
688 3101 854 3184 Theognis
876 3122 1008 3165 carmen
1033 3099 1133 3164 simili
1153 3099 1250 3164 modo
1273 3119 1349 3163 con·

172 3213 288 3295 clusit,
320 3215 433 3296 itaque
463 3213 634 3296 proprium
666 3212 830 3295 quendam
859 3211 989 3277 dicendi
1009 3231 1104 3275 usum
1124 3214 1257 3276 secutus
1285 3215 1345 3290 est,

170 3344 237 3408 quo
267 3323 401 3390 tandem
424 3325 495 3388 iure
524 3325 598 3406 quis
629 3330 729 3406 negat
760 3326 859 3390 etiam
889 3325 1025 3390 tertium
1054 3324 1164 3389 locum
1199 3321 1348 3388 eiusdem

170 3443 290 3520 poetae
303 3456 385 3516 esse,
404 3437 503 3499 immo
519 3437 704 3501 necessario
720 3435 777 3498 alii
790 3436 921 3501 cuidam
934 3457 1005 3502 esse
1019 3432 1294 3501 adscribendum?
1307 3471 1349 3481 -

170 3546 238 3614 Sed
265 3546 404 3618 alterum
430 3547 537 3610 locum
567 3546 648 3630 (scil.
671 3570 699 3611 v.
725 3550 797 3626 191)
819 3554 918 3629 poeta
940 3547 1017 3611 libri
1042 3550 1065 3628 β
1090 3546 1171 3610 mihi
1200 3545 1349 3608 imitatus

168 3679 240 3723 esse
262 3657 401 3739 videtur,
433 3678 632 3740 quamquam
655 3658 683 3721 si
704 3657 849 3739 quis-ita
877 3658 948 3723 vult
972 3657 1071 3722 etiam
1093 3654 1258 3734 Theognis
1278 3654 1349 3716 imi·

165 3773 262 3834 tator
274 3767 419 3835 alterius
442 3790 513 3834 esse
536 3773 655 3852 potest.
697 3766 822 3835 Verum
840 3769 867 3831 si
887 3768 1105 3832 imitationem
1121 3764 1260 3846 accipio,
1283 3783 1348 3827 non

169 3880 277 3963 magis
310 3878 529 3962 vituperanda
560 3882 611 3944 est
645 3879 721 3958 illa,
756 3899 855 3959 quam
888 3877 978 3960 quod
1012 3883 1110 3958 poeta
1146 3873 1348 3956 Megarensis

172 4033 226 4040 .—

258 4115 279 4183 ¹)
301 4113 361 4169 Van
385 4117 436 4170 der
453 4115 517 4186 Moy
543 4135 569 4186 p.
587 4119 622 4170 34
639 4134 691 4186 sq.;
718 4115 811 4170 Hiller
834 4134 861 4184 p.
880 4116 945 4181 477;
970 4113 1060 4167 Oouat
1083 4131 1111 4183 p.
1129 4113 1194 4178 281;
1223 4111 1348 4165 Oorsonn

168 4200 379 4268 ummm
