3030 4846
665 294 878 354 ..p-1-

178 484 352 568 parodiam
375 486 446 550 eius
463 485 593 566 generis
614 485 712 568 quale
732 484 881 551 Oorsenn
902 487 1020 551 statuit
1042 492 1087 569 (p.
1108 489 1174 567 42),
1195 487 1264 554 scil.
1287 487 1358 552 imi·

178 597 349 675 tationem,
372 595 493 660 nedum
514 596 688 678 parodinm
709 597 863 679 propriae
884 597 1038 676 notionis,
1063 605 1099 662 ut
1122 605 1171 662 est
1193 600 1358 664 sententia

177 724 243 770 ran
266 706 325 771 der
347 706 445 790 Meyi.
491 706 638 772 Perodin
666 708 753 771 enim
784 706 832 785 fit,
864 708 891 770 si
912 707 1012 772 verbe
1034 709 1178 772 auctoris
1209 715 1289 773 nota
1313 709 1358 774 ed

176 840 248 883 rem
271 818 413 883 alienam
434 819 481 881 ita
504 816 702 881 adhibentur
719 824 756 882 ut
771 819 857 882 risus
880 817 1057 899 legentium
1078 825 1258 884 moveatur.
1292 818 1357 885 Sed

176 928 351 994 existimas
367 935 500 1010 poetam
517 930 547 992 si
562 950 609 992 vv.
624 933 705 992 1267
716 950 789 1012 sqq.
806 931 852 993 ita
868 928 956 1007 fecit,
970 928 1148 992 credidisse
1164 950 1275 994 omnes
1288 950 1357 994 cer·

175 1061 253 1104 men
274 1060 369 1104 suum
389 1038 535 1121 legentes
554 1039 621 1104 loci
636 1038 727 1103 illius
743 1037 947 1119 Theognidei
964 1037 1221 1103 recordaturos?
1242 1040 1355 1122 Atque

175 1172 310 1216 carmen
324 1150 409 1216 illud
429 1154 598 1216 1967-70
613 1151 809 1214 amatorium
830 1157 888 1223 est,
905 1148 988 1212 nihil
1003 1148 1111 1228 aliud3
1128 1171 1169 1213 ne
1186 1151 1356 1215 minimum

174 1261 312 1343 quidem
334 1261 469 1327 ridiculi
491 1262 602 1326 habet.

264 1388 502 1456 Gravissimum
532 1394 643 1453 autem
679 1389 865 1470 exemplum
897 1387 1054 1471 parodiae
1085 1387 1126 1453 de
1157 1410 1223 1471 quo
1254 1390 1355 1455 ceteri

175 1522 244 1566 non
268 1501 422 1566 dubitant
432 1501 467 1580 ¹),
493 1505 601 1564 exstat
623 1521 651 1564 v.
674 1502 824 1573 1349150:

331 1641 413 1709 οὕτω
434 1645 479 1730 μή
501 1645 654 1725 θαύμαζε,
681 1643 848 1728 Σιμωνίδη,
868 1641 980 1710 οὕνεκα
1002 1644 1088 1728 κάγώ

425 1755 576 1840 ἕξεδάμην
596 1757 693 1820 καλοῦ
715 1755 829 1831 παιδὸς
851 1755 944 1834 ἔρωτι
965 1755 1083 1836 δαμείς,

174 1919 272 1984 Haec
304 1920 338 1982 in
373 1918 437 1984 fine
467 1919 594 2001 elegiae
622 1919 734 2000 posita
766 1916 882 1980 dicunt
911 1917 1045 1981 dubium
1078 1939 1143 1981 uon
1169 1936 1240 1981 esse
1275 1917 1353 1998 quin

171 2051 332 2112 expressa
361 2031 427 2094 sint
458 2052 497 2095 ex
520 2030 569 2093 his
592 2030 772 2094 carminum
798 2030 1015 2110 genuinorum
1041 2028 1184 2093 versibus
1211 2027 1353 2092 ultimis:

244 2197 272 2239 v.
298 2178 353 2238 25:
378 2171 467 2239 οὐδὲν
483 2174 673 2256 θαυμαστόν,
692 2173 877 2255 Πολυπαΐδη
888 2171 975 2237 ὀὐδὲ
991 2173 1051 2256 γάρ
1072 2169 1186 2250 ὁΖεύς
1199 2175 1263 2237 κτλ.

192 2373 194 2376 Ι
219 2292 253 2351 et
277 2289 353 2350 191:
376 2279 459 2349 οὕτω
478 2284 523 2369 μή
546 2283 690 2366 θαύμαζε
713 2289 811 2366 γένος,
836 2283 1029 2369 Hodono'l'dp,
1052 2283 1157 2349 ἄστιῦν
1178 2287 1242 2350 κτλ.

171 2466 292 2550 Quid?
313 2463 380 2548 Qui
398 2465 470 2529 fieri
484 2470 596 2547 potest
611 2469 648 2528 ut
663 2471 838 2545 utrumque
861 2463 972 2528 locum
995 2465 1139 2547 scriptor
1162 2465 1352 2548 appendicis

174 2578 323 2642 imitatus
347 2575 414 2639 sit?
434 2573 590 2639 Nonnisi
609 2574 815 2652 alterutrum,
836 2575 965 2656 opinor,
984 2575 1053 2640 scil.
1070 2599 1098 2642 v.
1117 2581 1187 2640 191.
1222 2576 1352 2641 Etenim

171 2688 254 2752 siv.
280 2689 338 2750 191
367 2687 416 2750 ita
445 2687 626 2768 exscripsit,
651 2692 688 2749 ut
717 2689 858 2768 speciem
881 2689 991 2767 habet,
1022 2707 1086 2750 non
1115 2692 1225 2769 potest
1254 2687 1350 2751 simul

174 2802 268 2862 1195
293 2799 485 2880 respexisse.
530 2797 712 2862 Praeterea
741 2819 854 2862 versus
887 2803 1014 2863 2511011
1038 2797 1119 2862 adeo
1149 2796 1266 2861 similis
1289 2803 1348 2862 est.

171 2908 212 2976 Si
234 2913 343 2973 tamen
370 2910 404 2973 in
427 2909 592 2978 sententia
615 2930 674 2973 sua
697 2909 880 2974 adversarii
902 2913 1123 2991 perseverant,
1147 2906 1217 2970 scil.
1241 2906 1350 2971 locum

170 3018 373 3084 simillimum
405 3041 488 3101 esse,
523 3041 561 3084 eo
596 3021 699 3102 magis
732 3041 787 3084 eos
823 3020 863 3086 de
897 3019 1015 3082 ceteris
1048 3038 1160 3083 errare
1191 3018 1349 3100 sequitur.

171 3126 263 3212 Quid
282 3129 392 3196 enim?
415 3131 450 3196 Si
472 3152 509 3195 re
530 3150 606 3194 vera
622 3129 673 3194 bis
689 3130 855 3213 Theognis
877 3151 1009 3195 carmen
1034 3127 1134 3193 simili
1153 3129 1251 3193 modo
1274 3149 1350 3194 con·

172 3240 289 3322 clusit,
321 3240 434 3323 itaque
464 3241 635 3324 proprium
667 3241 830 3323 quendam
860 3240 990 3305 dicendi
1010 3261 1105 3304 usum
1125 3246 1258 3305 secutus
1286 3245 1346 3320 est,

171 3372 238 3434 quo
269 3350 402 3416 tandem
425 3352 495 3415 iure
525 3353 598 3434 quis
630 3359 730 3435 negat
760 3355 860 3418 etiarn
890 3353 1025 3418 tertium
1054 3352 1164 3417 locum
1199 3351 1348 3416 ciusdem

171 3469 386 3546 postremos,
405 3463 504 3526 immo
520 3465 705 3528 necessario
721 3464 778 3527 alii
790 3465 922 3529 cuidam
934 3485 1005 3530 esse
1019 3461 1295 3529 adscribendum?
1307 3499 1349 3511 -

171 3572 240 3641 Sed
267 3574 406 3639 alterum
431 3572 537 3639 locum
568 3573 649 3658 (scil.
671 3597 700 3639 r.
726 3579 798 3655 191)
820 3581 918 3658 poeta
940 3575 1016 3640 libri
1042 3580 1065 3657 β
1090 3574 1172 3639 mihi
1200 3573 1349 3638 imitatus

169 3705 242 3749 esse
263 3683 402 3766 ridetur,
434 3706 632 3768 quamquam
656 3686 684 3749 si
705 3685 849 3768 quis-ita
877 3686 948 3750 vult
972 3687 1071 3750 etiam
1093 3683 1258 3764 Theognis
1278 3682 1349 3746 imi·

167 3794 420 3861 *tator-alterius
443 3817 514 3861 osse
536 3801 656 3879 potest.
698 3795 823 3862 Verum
840 3797 867 3859 si
888 3795 1105 3860 imitationem
1122 3794 1260 3876 accipio,
1283 3812 1348 3856 non

167 3908 277 3990 -magis
310 3905 530 3988 vituperanda
561 3911 612 3972 est
646 3906 721 3987 illa,
757 3928 855 3988 quam
889 3906 978 3989 quod
1012 3912 1111 3987 poeta
1146 3902 1348 3986 Megarensis

173 4061 377 4070 ——--

258 4143 279 4209 ¹)
301 4141 362 4197 Van
385 4144 436 4198 der
454 4143 517 4214 Mey
543 4163 570 4213 p.
588 4147 623 4199 34
640 4163 692 4213 sq.;
719 4143 811 4199 Hiller
835 4162 862 4214 p.
880 4145 945 4211 4773
971 4142 1060 4196 Oouet
1084 4160 1110 4212 p.
1129 4143 1194 4208 2813
1223 4141 1347 4194 Oorsenn

170 4228 379 4295 pmwffi
