3036 4844
649 270 863 330 ..40-

166 463 281 529 Iov'em'
304 463 411 546 ipsum
433 484 569 544 puerum
595 464 628 527 in
646 461 823 546 Olympum
845 452 1039 530 subduxisse
1061 466 1200 527 narrant
1222 460 1348 543 [hymn.

168 576 201 637 in
220 572 343 640 Vener.
365 595 393 637 v.
412 578 474 637 202
490 575 564 657 sq).
599 573 682 638 (lum
705 575 766 637 hac
790 574 924 640 fabulae
944 574 1050 638 forma
1071 575 1258 654 congruunt
1279 590 1348 635 mo-

167 690 325 748 numenta
355 685 553 766 antiquiora.
607 685 752 748 Exstant
786 687 872 749 enim
902 705 981 750 vasa
1006 683 1123 747 fictilia
1152 681 1312 748 tredecim
1322 683 1351 761 ¹)

167 816 253 878 quae
269 815 406 877 puerum
423 794 603 859 ostendunt
625 795 776 860 trochum
797 802 830 861 et
847 796 971 879 gallum
994 796 1091 878 (quae
1108 795 1176 857 avis
1201 793 1352 877 pertinet

169 907 211 972 ad
224 927 374 971 'amorem
386 905 544 988 puerilem
554 908 576 984 1)
594 912 761 971 tenentem
777 906 953 990 Iovemque
975 927 1049 970 cum
1066 911 1193 987 sceptro
1209 925 1348 986 puerum

167 1020 405 1101 insequentem.
458 1015 638 1099 Complura
667 1023 776 1081 antem
807 1038 902 1097 vasa,
932 1017 967 1080 id
1001 1015 1088 1099 quod
1118 1014 1351 1080 observatione

169 1129 302 1212 dignum
326 1132 386 1207 est,
409 1126 534 1210 figuras
553 1128 670 1191 rubras
694 1126 884 1192 exhibentia
903 1127 1029 1193 ordinis
1044 1133 1082 1190 ut
1100 1126 1239 1190 dicimus
1263 1145 1351 1190 seve·

168 1239 263 1304 rioris
296 1244 391 1318 sunt,
422 1239 533 1320 itaque
562 1238 692 1302 saeculo
725 1239 840 1320 quinto
870 1237 998 1301 ineunti
1019 1237 1070 1300 vel
1100 1241 1192 1300 sexto
1215 1237 1349 1300 exeunti

169 1348 383 1414 attribuenda
395 1349 438 1433 2),
471 1370 588 1429 unum,
623 1353 736 1431 guttas
769 1348 883 1429 figuris
914 1347 1016 1430 nigris
1047 1349 1167 1428 (annal.
1199 1346 1267 1412 tab.
1289 1346 1350 1426 A),

169 1460 336 1542 antiquius
359 1464 420 1539 est,
444 1458 584 1524 fortasse
606 1480 671 1527 non
693 1458 806 1523 multo.
842 1457 952 1523 Unum
974 1457 1082 1522 adhuc
1104 1459 1272 1523 vasculum
1295 1478 1351 1521 co·

168 1571 295 1654 gnitum
318 1574 369 1634 est
392 1569 482 1650 quod
505 1590 642 1652 puerum
665 1591 740 1635 cum
762 1569 874 1651 aquila
898 1569 1031 1634 exhibet
1052 1569 1173 1647 (canat.
1189 1567 1258 1633 tab.
1277 1564 1304 1633 Ο
1320 1572 1349 1648 l,

168 1681 245 1746 inde
260 1679 467 1791 Engelmann
482 1702 512 1745 n.
529 1685 594 1758 91),
619 1680 709 1764 quod
724 1687 834 1744 tamen
857 1680 991 1745 minime
1014 1679 1109 1745 nohis
1133 1679 1252 1758 obstat,
1274 1699 1350 1742 cum

169 1814 234 1858 non
264 1798 342 1857 ante
377 1791 543 1856 saeculum
579 1796 732 1874 quartum
762 1790 886 1854 factum
922 1811 992 1855 esse
1026 1791 1142 1873 possit.
1198 1789 1350 1854 Primum

171 1908 417 1969 monumentum
441 1902 587 1983 aquilam
614 1905 772 1968 exhibens
801 1900 891 1964 cuius
920 1907 1048 1983 tempus
1076 1899 1206 1964 definiri
1227 1906 1350 1983 potest,

173 2017 298 2097 signum
321 2011 500 2078 Leocharis
530 2019 595 2092 est,
626 2015 683 2096 qui
710 2013 892 2079 statuarius
924 2011 1030 2076 medio
1063 2011 1193 2076 saeculo
1230 2017 1352 2094 quarto

171 2125 281 2190 floruit
313 2129 345 2188 et
374 2123 548 2204 usquead
579 2124 713 2188 ultimos
740 2123 925 2188 Alexandri
956 2121 1067 2203 Magni
1097 2143 1198 2187 annos
1229 2123 1352 2188 vixisse

171 2235 301 2300 videtur
312 2235 346 2318 ³).
392 2232 649 2315 Insequentibus
679 2234 881 2316 temporibus
911 2254 976 2297 non
1003 2234 1067 2297 nisi
1097 2232 1183 2297 hanc
1210 2234 1349 2299 alteram

172 2345 313 2410 formam
335 2343 467 2408 fabulae
488 2343 687 2423 invenimus,
717 2343 818 2408 etiam
840 2343 874 2407 in
896 2343 1026 2410 litteris.
1072 2344 1225 2426 Apparet
1247 2344 1353 2426 igitur

171 2457 312 2540 primum
344 2475 475 2519 carmen
504 2460 651 2518 nostrum
680 2453 799 2535 quippe
831 2453 920 2535 quod
949 2475 1087 2537 puerum
1118 2475 1138 2518 a
1167 2453 1248 2519 Iove
1274 2455 1352 2538 ipso

171 2571 300 2648 raptum
324 2564 470 2644 inducat,
492 2562 694 2646 temporibus
715 2563 937 2647 superioribus
959 2565 1205 2646 vindicandum,
1231 2565 1353 2630 deinde

171 2697 233 2741 van
255 2676 312 2741 der
335 2673 516 2758 Meyium4)
539 2679 573 2740 et
588 2670 766 2740 Gouatium
789 2675 879 2739 haud
899 2676 948 2740 ita
969 2676 1003 2739 in
1027 2675 1257 2757 archaeologia
1279 2697 1353 2742 esse

171 2793 336 2868 versatos,
366 2807 440 2851 cum
467 2807 506 2850 eo
536 2785 747 2851 offendantur
777 2786 864 2866 quod
894 2786 1036 2869 scriptor
1064 2785 1190 2868 elegiae
1219 2794 1352 2854 nostrae

172 2905 341 2965 auctorem
361 2897 482 2963 amoris
500 2897 637 2981 puerilis
662 2896 775 2962 Iovem
796 2897 905 2980 ipsum
926 2897 1080 2978 inducat3
1111 2919 1187 2962 nam
1211 2898 1353 2964 edocent

171 3031 232 3076 nos
247 3031 327 3075 vasa
348 3009 439 3074 illam
456 3008 654 3073 sententiam
669 3008 734 3072 iam
758 3009 905 3093 antiquis
919 3007 1124 3092 temporibus
1147 3009 1350 3094 divulgatam

171 3120 282 3186 fuisse.
327 3120 443 3203 Atque
466 3118 576 3186 (louet
599 3117 733 3201 quidem
756 3140 791 3184 se
814 3121 923 3203 ipsum
947 3119 1088 3201 refellit,
1123 3140 1197 3183 cum
1220 3120 1259 3185 de
1285 3121 1350 3186 ori·

172 3235 246 3314 gine
267 3230 499 3296 Alexandrina
517 3230 664 3312 cogitans
687 3230 927 3312 epigrammata
946 3229 1155 3312 anthologiae
1174 3229 1353 3296 Palatinae

172 3348 329 3424 quattuor
351 3341 536 3423 comparari
559 3338 661 3404 iubet.
707 3340 802 3405 Haeo
824 3361 898 3405 cum
921 3340 1066 3422 aquilam
1090 3338 1235 3406 habeant
1257 3340 1352 3426 (XII

261 3561 283 3628 ¹)
301 3559 339 3613 Di
356 3560 398 3613 his
417 3565 535 3631 egerunt
553 3560 654 3615 Overb.
673 3579 699 3630 p.
713 3561 840 3626 516-19,
859 3560 967 3615 Koerte
981 3561 1080 3617 annali
1099 3562 1159 3617 dell'
1177 3562 1353 3618 tertiamve

171 3665 199 3716 p.
219 3648 332 3699 49—62.

259 3731 282 3799 α)
301 3729 387 3784 verus
412 3730 435 3783 Β
461 3729 588 3784 Koertii:
614 3717 691 3786 msa
709 3733 809 3787 exram.
835 3733 851 3786 1
875 3733 932 3789 tab.
952 3731 1156 3787 1s=010rn
1180 3732 1236 3785 tan.
1259 3734 1285 3800 a,
1304 3736 1352 3802 113

173 3815 198 3870 G
217 3814 342 3870 Koertii:
370 3814 470 3870 annali
487 3815 543 3868 tab.
565 3816 586 3869 d
605 3819 622 3869 2
648 3817 725 3885 (inde
743 3817 920 3888 Engelmann
938 3817 1110 3872 Bildcratlaa
1128 3834 1191 3872 zum
1209 3818 1316 3874 Homer
1335 3818 1352 3873 l

172 3920 198 3957 n.
217 3902 279 3970 90);
297 3901 339 3954 L:
359 3901 454 3955 annal.
473 3901 531 3955 tab.
550 3900 583 3955 B.

259 3986 282 4055 ⁸)
301 3986 373 4039 Plin.
403 3990 460 4039 nat.
489 3986 553 4041 hist.
584 3989 625 4052 34,
653 3990 700 4055 ⁷9;
730 3989 827 4042 Brunn
859 3987 953 4042 Geacb.
981 3987 1029 4041 der
1053 3986 1153 4056 priccla
1180 3988 1353 4043 Kd'astlcrl

172 4085 199 4142 p.
218 4073 351 4138 aet-903
371 4071 517 4126 Overbech
535 4071 646 4127 Plautia
664 4071 714 4126 11⁹
731 4091 759 4142 p.
777 4075 811 4126 63
830 4089 888 4140 sqq.

259 4158 284 4226 ⁴)
302 4156 358 4226 Qui
381 4157 449 4212 haec
473 4157 640 4211 hariolatur:
665 4156 765 4224 fabula
803 4156 975 4227 Ganymedis
1004 4175 1022 4212 a
1046 4159 1114 4212 Jove
1144 4158 1176 4212 in
1203 4157 1354 4229 Olympum
1431 4166 1435 4173 '

174 4242 277 4297 sublati
290 4258 447 4312 puerorum
466 4243 557 4298 amori
572 4246 720 4313 praetenta
736 4242 887 4310 fastidium
905 4247 994 4297 movet
1011 4243 1050 4312 (p.
1068 4243 1123 4310 84).
