3036 4844
654 245 862 305 ..13-

169 436 365 502 cedentibus
396 438 530 517 seiungo
561 457 636 500 cum
665 437 784 518 quibus
814 436 897 501 nihil
928 452 1098 501 commune
1121 436 1282 520 habeant,
1314 445 1347 504 et

166 548 279 614 scribo
299 548 425 623 τόσσους
446 546 484 612 oli
504 542 535 626 χ>
554 543 657 629 εὕροις
667 548 703 632 1).

253 657 370 742 Neque
404 658 529 721 maiore
568 658 639 722 iure
673 678 772 721 unam
804 657 944 738 elegiam
978 657 1043 738 legi
1083 657 1162 721 mihi
1196 659 1345 739 persuasi

167 773 390 849 vv.145-4s,
413 789 497 850 quos
520 774 596 850 post
608 767 811 832 Brunckium
835 768 944 832 denuo
964 767 1074 849 Bergk
1097 766 1344 850 conglutinavit.

166 880 303 946 Etenim
330 899 444 943 versus
472 878 570 963 primi
601 884 816 961 praeceptum
848 877 939 960 quod
967 899 1066 960 saepe
1089 879 1235 943 occurrit
1256 880 1343 960 apud

165 989 392 1071 Theognidem
413 989 594 1069 continent,
618 988 688 1052 scil.
711 993 944 1071 paupertatem
962 1010 1034 1052 cum
1053 990 1219 1071 probitate
1242 989 1344 1054 multo

166 1107 337 1183 praestare
361 1120 460 1181 quam
484 1098 615 1162 divitias
637 1098 758 1163 iniuste
776 1111 899 1181 partas.
937 1097 1063 1165 Oontra
1084 1122 1132 1166 vv.
1158 1100 1249 1183 147l8
1272 1123 1343 1166 sen-

166 1211 305 1276 tentiam
321 1209 507 1291 generalem
530 1209 571 1273 de
586 1210 715 1274 iustitia
731 1209 896 1290 exhibent,
921 1215 1021 1293 atque
1035 1231 1231 1294 quamquam
1250 1233 1343 1277 versu

166 1322 227 1404 qui
247 1328 297 1386 est

356 1421 388 1486 ἕν
410 1421 444 1486 δὲ
465 1419 642 1504 δικαιοσύνῃ
663 1419 834 1508 συλλήβδην
856 1419 936 1486 rcrio'
959 1420 1055 1510 α’ρετή
1077 1422 1153 1490 ’στιν

170 1575 314 1640 concedo
337 1582 412 1659 apte
434 1575 526 1657 pergi
549 1575 706 1657 potuisse,
732 1574 797 1638 iam
821 1578 1159 1660 versus148longius
1182 1600 1203 1643 a
1223 1602 1259 1645 re
1275 1585 1345 1644 tota

167 1685 304 1750 recedit.
358 1685 477 1767 Itaque
505 1690 641 1767 propter
669 1685 775 1749 solum
807 1684 943 1748 verbum
975 1684 1091 1765 α’δίκως
1113 1689 1177 1754 duo
1204 1689 1345 1756 disticha

166 1817 340 1881 perperam
362 1797 538 1861 coniuncta
561 1816 632 1861 esse
655 1795 735 1859 mihi
758 1796 922 1876 videntur,
945 1797 1033 1861 inter
1056 1819 1141 1881 quae
1165 1802 1343 1865 similitudo

167 1928 233 1972 non
258 1908 321 1971 nisi
344 1907 482 1971 fortuita
504 1907 699 1971 intercedat.
738 1904 838 1989 Quod
856 1906 968 1989 Bergk
983 1909 1024 1972 ad
1039 1911 1234 1973 sententiam
1252 1931 1343 1974 suam

167 2016 426 2081 confirmandam
457 2017 500 2080 ad
530 2016 729 2081 scholiastes
760 2017 922 2099 quosdam
953 2019 1149 2084 Aristotelis
1174 2025 1343 2100 provocat,

165 2129 289 2211 quippe
324 2130 380 2212 qui
412 2149 527 2209 versus
557 2129 747 2193 coniunctos
776 2128 932 2210 legerint,
968 2150 1027 2210 ego
1058 2131 1117 2194 hos
1147 2135 1248 2194 testes
1279 2150 1343 2193 non

167 2260 255 2305 euro.
302 2238 388 2304 Nam
411 2262 484 2304 cum
509 2239 667 2322 syllogam
699 2240 783 2303 hanc
812 2260 896 2322 quae
928 2240 1020 2305 nobis
1047 2241 1081 2304 in
1110 2240 1261 2304 manibus
1284 2247 1342 2318 est,

166 2349 233 2413 iam
253 2356 329 2414 ante
354 2357 498 2415 aetatem
523 2350 786 2414 Alexandrinam
810 2350 932 2414 factam
954 2351 1130 2416 verisimile
1153 2353 1197 2415 sit
1212 2352 1247 2436 2),
1278 2374 1343 2417 non

166 2460 288 2523 mirum
309 2459 400 2542 quod
423 2460 624 2525 scholiastae
655 2461 795 2525 eundem
818 2482 916 2543 quem
938 2483 998 2526 nos
1021 2461 1168 2526 ordinem
1190 2484 1342 2527 versuum

167 2575 394 2653 reppererunt.
448 2569 576 2634 Locum
608 2569 747 2654 denique
783 2572 990 2635 Isocrateum
1024 2573 1138 2653 Bergk
1169 2595 1341 2656 perperam

166 2681 293 2760 attulit,
323 2686 436 2764 utpote
469 2682 525 2763 qui
553 2681 634 2745 nihil
663 2683 704 2745 ad
735 2704 804 2746 rem
828 2684 1003 2765 pertineat.
1052 2684 1175 2750 Verum
1203 2692 1278 2748 utut
1302 2684 1342 2747 de

167 2795 239 2854 tota
261 2779 455 2872 quaestione
478 2791 689 2872 iudicabitur,
723 2814 776 2857 res
799 2793 905 2873 magis
929 2792 1072 2857 elucebit
1093 2794 1167 2857 loco
1189 2794 1342 2858 inferiore

169 2901 227 2965 ubi
246 2901 353 2965 denuo
375 2901 416 2966 de
434 2923 481 2966 vr.
507 2903 753 2988 respergamus
776 2905 823 2986 (p.
845 2908 883 2966 19
897 2906 970 2985 sq).

253 3011 321 3078 Suo
344 3013 415 3078 iure
438 3013 580 3096 denique
603 3036 651 3078 vv.
677 3016 769 3098 545s6
792 3013 904 3094 Bergk
925 3034 945 3076 a
967 3013 1061 3092 543s4
1079 3013 1221 3094 seclusit,
1246 3034 1340 3103 quem

165 3125 269 3188 secuti
292 3130 369 3188 sunt
391 3124 548 3208 Hartung
570 3132 603 3190 et
626 3126 746 3191 Hiller.

251 3233 370 3317 Neque
394 3236 515 3300 desunt
537 3257 621 3318 quos
643 3237 730 3300 inter
753 3258 788 3300 se
812 3233 1059 3317 coniungendos
1090 3232 1207 3298 ducam
1230 3249 1341 3301 versus

43 3369 47 3375 ·
165 3363 187 3406 a
209 3345 374 3409 nonnullis
398 3346 477 3410 viris
502 3347 607 3410 doctis
630 3347 835 3413 dissentiens.
876 3350 990 3432 Atque
1011 3347 1132 3411 certior
1154 3353 1205 3412 est
1226 3370 1279 3413 res
1302 3349 1341 3414 de

170 3454 314 3519 versibus
353 3459 502 3520 355-60
541 3478 621 3539 quos
654 3459 812 3540 Hartung
849 3466 883 3524 et
915 3459 1027 3524 Hiller
1063 3459 1095 3521 in
1127 3481 1228 3522 unum
1265 3481 1340 3525 con·

166 3564 390 3630 cinnaverunt.
435 3566 543 3647 Bergk
561 3568 619 3649 qui
641 3570 719 3633 olim
742 3570 831 3634 idem
854 3569 988 3654 fecerat,
1010 3575 1126 3652 postea
1147 3572 1341 3636 sententiam

253 3779 275 3846 ¹)
296 3777 441 3831 Vocabulo
465 3776 512 3840 οὐχ
536 3779 699 3833 dissecando
725 3781 893 3848 particulam
922 3783 1103 3835 necessariam
1129 3782 1158 3830 κέ
1181 3780 1342 3848 recuperari

166 3880 248 3932 posse
273 3863 358 3932 primi
381 3870 584 3934 perspexerunt
608 3882 662 3919 van
686 3865 736 3918 der
753 3865 819 3933 hley
843 3884 870 3935 p.
884 3869 918 3919 48
936 3871 964 3919 et
982 3867 1088 3919 Clemm
1107 3863 1205 3918 Jaurb.
1220 3863 1243 3930 f.
1261 3863 1342 3916 blase.

165 3948 241 4004 Plu.
261 3951 327 4002 1883
345 3953 426 4018 p.10.

252 4034 275 4101 ⁹)
300 4035 396 4104 Bergk
419 4036 523 4090 Poetae
546 4036 598 4104 lyr.
621 4034 721 4089 Graec.
745 4034 797 4088 ΙΙ*
821 4053 850 4104 p.
867 4037 991 4103 234sqq.
1031 4033 1126 4086 Hiller
1149 4034 1168 4088 l.
1187 4051 1209 4088 c.
1236 4050 1263 4100 p.
1281 4035 1340 4097 470,

167 4120 245 4174 cuius
262 4125 357 4174 tamen
375 4123 658 4190 argumentationem,
683 4124 819 4190 quantum
845 4121 969 4190 pertinet
994 4120 1030 4173 ad
1054 4119 1157 4172 librum
1176 4115 1297 4187 ἐλεγείων
1315 4125 1341 4184 β,

166 4221 222 4258 non
240 4206 335 4274 probo.
