<?xml version="1.0" encoding="UTF-8"?>
<!DOCTYPE html PUBLIC "-//W3C//DTD XHTML 1.0 Transitional//EN"
    "http://www.w3.org/TR/xhtml1/DTD/xhtml1-transitional.dtd">
<html xmlns="http://www.w3.org/1999/xhtml" xml:lang="en" lang="en">
 <head>
  <title>
</title>
<meta http-equiv="Content-Type" content="text/html;charset=utf-8" />
  <meta name='ocr-system' content='tesseract 3.04.00' />
  <meta name='ocr-capabilities' content='ocr_page ocr_carea ocr_par ocr_line ocrx_word'/>
</head>
<body>
  <div class='ocr_page' id='page_1' title='image "./studiatheognide00lucagoog_0110.png"; bbox 0 0 3036 4844; ppageno 0'>
   <div class='ocr_carea' id='block_1_1' title="bbox 667 284 864 347">
    <p class='ocr_par' dir='ltr' id='par_1_1' title="bbox 667 284 864 347">
     <span class='ocr_line' id='line_1_1' title="bbox 667 284 864 347; baseline 0 -20"><span class='ocrx_word' id='word_1_1' title='bbox 667 284 864 347; x_wconf 72' lang='lat'><strong>..3-</strong></span> 
     </span>
    </p>
   </div>
   <div class='ocr_carea' id='block_1_2' title="bbox 139 474 1350 4254">
    <p class='ocr_par' dir='ltr' id='par_1_2' title="bbox 139 474 1350 4254">
     <span class='ocr_line' id='line_1_2' title="bbox 176 474 1350 562; baseline 0.004 -21"><span class='ocrx_word' id='word_1_2' title='bbox 176 479 252 556; x_wconf 92' lang='lat' dir='ltr'>post</span> <span class='ocrx_word' id='word_1_3' title='bbox 274 475 484 541; x_wconf 80' lang='lat' dir='ltr'>Theodorum</span> <span class='ocrx_word' id='word_1_4' title='bbox 507 474 689 558; x_wconf 90' lang='lat' dir='ltr'>Bergkium</span> <span class='ocrx_word' id='word_1_5' title='bbox 722 475 893 556; x_wconf 81' lang='lat' dir='ltr'>superiore</span> <span class='ocrx_word' id='word_1_6' title='bbox 928 493 1014 542; x_wconf 90' lang='lat' dir='ltr'>anno</span> <span class='ocrx_word' id='word_1_7' title='bbox 1049 481 1204 558; x_wconf 88' lang='lat' dir='ltr'>quartum</span> <span class='ocrx_word' id='word_1_8' title='bbox 1237 477 1350 562; x_wconf 86' lang='lat' dir='ltr'>edidit,</span> 
     </span>
     <span class='ocr_line' id='line_1_3' title="bbox 176 589 1350 673; baseline 0.004 -17"><span class='ocrx_word' id='word_1_9' title='bbox 176 591 285 657; x_wconf 92' lang='lat' dir='ltr'>omnia</span> <span class='ocrx_word' id='word_1_10' title='bbox 319 590 461 658; x_wconf 88' lang='lat' dir='ltr'>distioha</span> <span class='ocrx_word' id='word_1_11' title='bbox 495 589 546 657; x_wconf 93' lang='lat' dir='ltr'>bis</span> <span class='ocrx_word' id='word_1_12' title='bbox 580 590 614 654; x_wconf 95' lang='lat' dir='ltr'>in</span> <span class='ocrx_word' id='word_1_13' title='bbox 650 589 817 656; x_wconf 76' lang='lat' dir='ltr'>codicibus</span> <span class='ocrx_word' id='word_1_14' title='bbox 840 589 874 656; x_wconf 79' lang='lat' dir='ltr'>A</span> <span class='ocrx_word' id='word_1_15' title='bbox 897 595 931 656; x_wconf 91' lang='lat' dir='ltr'>et</span> <span class='ocrx_word' id='word_1_16' title='bbox 953 590 982 659; x_wconf 91' lang='grc' dir='ltr'><strong>Ο</strong></span> <span class='ocrx_word' id='word_1_17' title='bbox 1006 590 1131 673; x_wconf 87' lang='lat' dir='ltr'>seripta</span> <span class='ocrx_word' id='word_1_18' title='bbox 1165 591 1235 660; x_wconf 91' lang='lat' dir='ltr'>suis</span> <span class='ocrx_word' id='word_1_19' title='bbox 1268 594 1350 662; x_wconf 86' lang='lat' dir='ltr'>loeis</span> 
     </span>
     <span class='ocr_line' id='line_1_4' title="bbox 175 705 1349 790; baseline 0.003 -18"><span class='ocrx_word' id='word_1_20' title='bbox 175 707 263 790; x_wconf 83' lang='lat' dir='ltr'>typis</span> <span class='ocrx_word' id='word_1_21' title='bbox 310 705 483 790; x_wconf 80' lang='lat' dir='ltr'><strong>expressit.</strong></span> <span class='ocrx_word' id='word_1_22' title='bbox 563 706 619 772; x_wconf 88' lang='lat' dir='ltr'>Ab</span> <span class='ocrx_word' id='word_1_23' title='bbox 670 705 721 772; x_wconf 95' lang='lat' dir='ltr'>his</span> <span class='ocrx_word' id='word_1_24' title='bbox 766 705 919 773; x_wconf 83' lang='lat' dir='ltr'>versibus</span> <span class='ocrx_word' id='word_1_25' title='bbox 965 706 1113 788; x_wconf 89' lang='lat' dir='ltr'>repetitis</span> <span class='ocrx_word' id='word_1_26' title='bbox 1158 706 1349 777; x_wconf 80' lang='lat' dir='ltr'>Friderious</span> 
     </span>
     <span class='ocr_line' id='line_1_5' title="bbox 175 819 1350 904; baseline 0.003 -17"><span class='ocrx_word' id='word_1_27' title='bbox 175 822 401 903; x_wconf 84' lang='lat' dir='ltr'>Nietxsohius‚</span> <span class='ocrx_word' id='word_1_28' title='bbox 436 841 511 889; x_wconf 91' lang='lat' dir='ltr'>oum</span> <span class='ocrx_word' id='word_1_29' title='bbox 545 820 714 888; x_wconf 88' lang='lat' dir='ltr'>Welokeri</span> <span class='ocrx_word' id='word_1_30' title='bbox 749 819 899 904; x_wconf 89' lang='lat' dir='ltr'>vestigiis</span> <span class='ocrx_word' id='word_1_31' title='bbox 938 821 1094 888; x_wconf 77' lang='lat' dir='ltr'>insistens</span> <span class='ocrx_word' id='word_1_32' title='bbox 1134 821 1229 904; x_wconf 84' lang='lat' dir='ltr'>quasi</span> <span class='ocrx_word' id='word_1_33' title='bbox 1264 824 1350 890; x_wconf 91' lang='lat' dir='ltr'>alter</span> 
     </span>
     <span class='ocr_line' id='line_1_6' title="bbox 176 935 1349 1020; baseline 0 -16"><span class='ocrx_word' id='word_1_34' title='bbox 176 938 393 1006; x_wconf 73' lang='lat' dir='ltr'>Aristarchus</span> <span class='ocrx_word' id='word_1_35' title='bbox 421 937 595 1018; x_wconf 79' lang='lat' dir='ltr'>existeret,</span> <span class='ocrx_word' id='word_1_36' title='bbox 630 935 724 1003; x_wconf 90' lang='lat' dir='ltr'>ouius</span> <span class='ocrx_word' id='word_1_37' title='bbox 759 953 894 1018; x_wconf 85' lang='lat' dir='ltr'>operam</span> <span class='ocrx_word' id='word_1_38' title='bbox 929 935 973 1003; x_wconf 87' lang='lat' dir='ltr'>ad</span> <span class='ocrx_word' id='word_1_39' title='bbox 995 937 1196 1020; x_wconf 81' lang='lat' dir='ltr'>Theognidis</span> <span class='ocrx_word' id='word_1_40' title='bbox 1230 957 1349 1019; x_wconf 89' lang='lat' dir='ltr'>poema</span> 
     </span>
     <span class='ocr_line' id='line_1_7' title="bbox 174 1052 1349 1139; baseline 0 -19"><span class='ocrx_word' id='word_1_41' title='bbox 174 1053 498 1135; x_wconf 88' lang='lat' dir='ltr'>perturbatissimum</span> <span class='ocrx_word' id='word_1_42' title='bbox 527 1052 634 1119; x_wconf 91' lang='lat' dir='ltr'>ordini</span> <span class='ocrx_word' id='word_1_43' title='bbox 666 1052 906 1120; x_wconf 90' lang='lat' dir='ltr'>restituendum</span> <span class='ocrx_word' id='word_1_44' title='bbox 930 1052 1060 1133; x_wconf 79' lang='lat' dir='ltr'>(laspar</span> <span class='ocrx_word' id='word_1_45' title='bbox 1081 1052 1241 1123; x_wconf 86' lang='lat' dir='ltr'>Barthius</span> <span class='ocrx_word' id='word_1_46' title='bbox 1263 1052 1349 1139; x_wconf 80' lang='lat' dir='ltr'>(Ad-</span> 
     </span>
     <span class='ocr_line' id='line_1_8' title="bbox 173 1167 1347 1252; baseline 0 -16"><span class='ocrx_word' id='word_1_47' title='bbox 173 1188 260 1236; x_wconf 89' lang='lat' dir='ltr'>vers.</span> <span class='ocrx_word' id='word_1_48' title='bbox 284 1169 360 1250; x_wconf 89' lang='lat' dir='ltr'>XV,</span> <span class='ocrx_word' id='word_1_49' title='bbox 383 1168 419 1251; x_wconf 89' lang='lat'>4)</span> <span class='ocrx_word' id='word_1_50' title='bbox 442 1173 652 1252; x_wconf 86' lang='lat' dir='ltr'>speraverat,</span> <span class='ocrx_word' id='word_1_51' title='bbox 686 1167 720 1232; x_wconf 95' lang='lat' dir='ltr'>in</span> <span class='ocrx_word' id='word_1_52' title='bbox 752 1167 997 1250; x_wconf 78' lang='lat' dir='ltr'>dissertatione,</span> <span class='ocrx_word' id='word_1_53' title='bbox 1032 1185 1132 1248; x_wconf 89' lang='lat' dir='ltr'>quam</span> <span class='ocrx_word' id='word_1_54' title='bbox 1165 1168 1347 1251; x_wconf 79' lang='lat' dir='ltr'>inscripsit:</span> 
     </span>
     <span class='ocr_line' id='line_1_9' title="bbox 175 1283 1346 1368; baseline 0.003 -18"><span class='ocrx_word' id='word_1_55' title='bbox 175 1284 446 1353; x_wconf 82' lang='lat' dir='ltr'>ZurGesohiohte</span> <span class='ocrx_word' id='word_1_56' title='bbox 459 1283 1171 1368; x_wconf 80' lang='lat' dir='ltr'>der&#39;lheognideisohenSpruehsammlung.</span> <span class='ocrx_word' id='word_1_57' title='bbox 1207 1284 1289 1367; x_wconf 82' lang='lat' dir='ltr'>Cap.</span> <span class='ocrx_word' id='word_1_58' title='bbox 1304 1285 1346 1355; x_wconf 85' lang='lat' dir='ltr'>L:</span> 
     </span>
     <span class='ocr_line' id='line_1_10' title="bbox 175 1398 1347 1485; baseline 0.003 -19"><span class='ocrx_word' id='word_1_59' title='bbox 175 1400 240 1467; x_wconf 92' lang='lat' dir='ltr'>Die</span> <span class='ocrx_word' id='word_1_60' title='bbox 252 1402 351 1466; x_wconf 84' lang='lat' dir='ltr'>letxte</span> <span class='ocrx_word' id='word_1_61' title='bbox 361 1399 549 1466; x_wconf 86' lang='lat' dir='ltr'>Redaktion</span> <span class='ocrx_word' id='word_1_62' title='bbox 560 1400 619 1467; x_wconf 92' lang='lat' dir='ltr'>der</span> <span class='ocrx_word' id='word_1_63' title='bbox 631 1400 843 1483; x_wconf 77' lang='lat' dir='ltr'>Theognidea</span> <span class='ocrx_word' id='word_1_64' title='bbox 853 1398 952 1485; x_wconf 85' lang='lat' dir='ltr'>(Mus.</span> <span class='ocrx_word' id='word_1_65' title='bbox 965 1401 1069 1466; x_wconf 87' lang='lat' dir='ltr'>Rhen.</span> <span class='ocrx_word' id='word_1_66' title='bbox 1080 1401 1347 1469; x_wconf 71' lang='lat' dir='ltr'>NoavolXXH</span> 
     </span>
     <span class='ocr_line' id='line_1_11' title="bbox 175 1515 1348 1603; baseline 0.001 -21"><span class='ocrx_word' id='word_1_67' title='bbox 175 1537 206 1599; x_wconf 90' lang='lat' dir='ltr'>p.</span> <span class='ocrx_word' id='word_1_68' title='bbox 232 1520 294 1584; x_wconf 87' lang='grc'>161</span> <span class='ocrx_word' id='word_1_69' title='bbox 319 1515 405 1603; x_wconf 78' lang='lat' dir='ltr'>sqq.)</span> <span class='ocrx_word' id='word_1_70' title='bbox 427 1515 477 1581; x_wconf 91' lang='lat' dir='ltr'>ita</span> <span class='ocrx_word' id='word_1_71' title='bbox 499 1534 595 1583; x_wconf 90' lang='lat' dir='ltr'>orsus</span> <span class='ocrx_word' id='word_1_72' title='bbox 619 1521 680 1597; x_wconf 92' lang='lat' dir='ltr'>est,</span> <span class='ocrx_word' id='word_1_73' title='bbox 704 1521 742 1582; x_wconf 93' lang='lat' dir='ltr'>ut</span> <span class='ocrx_word' id='word_1_74' title='bbox 763 1516 988 1597; x_wconf 90' lang='lat' dir='ltr'>quaerendum</span> <span class='ocrx_word' id='word_1_75' title='bbox 1012 1521 1173 1598; x_wconf 83' lang='lat' dir='ltr'>senserat,</span> <span class='ocrx_word' id='word_1_76' title='bbox 1197 1517 1254 1597; x_wconf 91' lang='lat' dir='ltr'>qui</span> <span class='ocrx_word' id='word_1_77' title='bbox 1277 1517 1348 1583; x_wconf 86' lang='lat' dir='ltr'>fleri</span> 
     </span>
     <span class='ocr_line' id='line_1_12' title="bbox 175 1631 1348 1714; baseline -0.001 -16"><span class='ocrx_word' id='word_1_78' title='bbox 175 1632 347 1713; x_wconf 84' lang='lat' dir='ltr'>potuisset,</span> <span class='ocrx_word' id='word_1_79' title='bbox 370 1638 408 1696; x_wconf 92' lang='lat' dir='ltr'>ut</span> <span class='ocrx_word' id='word_1_80' title='bbox 429 1631 517 1696; x_wconf 89' lang='lat' dir='ltr'>idem</span> <span class='ocrx_word' id='word_1_81' title='bbox 540 1631 758 1714; x_wconf 78' lang='lat' dir='ltr'>fragmentum</span> <span class='ocrx_word' id='word_1_82' title='bbox 783 1633 858 1713; x_wconf 92' lang='lat' dir='ltr'>plus</span> <span class='ocrx_word' id='word_1_83' title='bbox 882 1631 1033 1698; x_wconf 83' lang='lat' dir='ltr'>minusve</span> <span class='ocrx_word' id='word_1_84' title='bbox 1048 1631 1217 1698; x_wconf 86' lang='lat' dir='ltr'>variatum</span> <span class='ocrx_word' id='word_1_85' title='bbox 1240 1632 1291 1698; x_wconf 92' lang='lat' dir='ltr'>bis</span> <span class='ocrx_word' id='word_1_86' title='bbox 1314 1632 1348 1697; x_wconf 92' lang='lat' dir='ltr'>in</span> 
     </span>
     <span class='ocr_line' id='line_1_13' title="bbox 176 1745 1346 1829; baseline 0.003 -17"><span class='ocrx_word' id='word_1_87' title='bbox 176 1752 329 1813; x_wconf 84' lang='lat' dir='ltr'>contextu</span> <span class='ocrx_word' id='word_1_88' title='bbox 345 1753 536 1828; x_wconf 91' lang='lat' dir='ltr'>poematum</span> <span class='ocrx_word' id='word_1_89' title='bbox 550 1747 726 1829; x_wconf 88' lang='lat' dir='ltr'>legeretur.</span> <span class='ocrx_word' id='word_1_90' title='bbox 762 1745 866 1814; x_wconf 84' lang='lat' dir='ltr'>Cuius</span> <span class='ocrx_word' id='word_1_91' title='bbox 882 1747 931 1812; x_wconf 91' lang='lat' dir='ltr'>rei</span> <span class='ocrx_word' id='word_1_92' title='bbox 947 1765 1050 1814; x_wconf 90' lang='lat' dir='ltr'>eausa</span> <span class='ocrx_word' id='word_1_93' title='bbox 1065 1746 1138 1814; x_wconf 86' lang='lat' dir='ltr'>viro</span> <span class='ocrx_word' id='word_1_94' title='bbox 1156 1747 1346 1815; x_wconf 78' lang='lat' dir='ltr'>doctissimo</span> 
     </span>
     <span class='ocr_line' id='line_1_14' title="bbox 174 1861 1347 1946; baseline 0.001 -18"><span class='ocrx_word' id='word_1_95' title='bbox 174 1863 208 1928; x_wconf 92' lang='lat' dir='ltr'>in</span> <span class='ocrx_word' id='word_1_96' title='bbox 231 1882 269 1929; x_wconf 94' lang='lat' dir='ltr'>eo</span> <span class='ocrx_word' id='word_1_97' title='bbox 293 1861 402 1945; x_wconf 92' lang='lat' dir='ltr'>posita</span> <span class='ocrx_word' id='word_1_98' title='bbox 425 1862 527 1928; x_wconf 87' lang='lat' dir='ltr'>fuisse</span> <span class='ocrx_word' id='word_1_99' title='bbox 551 1861 736 1944; x_wconf 89' lang='lat' dir='ltr'>videbatur,</span> <span class='ocrx_word' id='word_1_100' title='bbox 772 1861 859 1942; x_wconf 92' lang='lat' dir='ltr'>quod</span> <span class='ocrx_word' id='word_1_101' title='bbox 894 1862 936 1928; x_wconf 92' lang='lat' dir='ltr'>ab</span> <span class='ocrx_word' id='word_1_102' title='bbox 973 1881 1022 1943; x_wconf 91' lang='lat' dir='ltr'>eo,</span> <span class='ocrx_word' id='word_1_103' title='bbox 1057 1862 1112 1944; x_wconf 91' lang='lat' dir='ltr'>qui</span> <span class='ocrx_word' id='word_1_104' title='bbox 1136 1862 1347 1946; x_wconf 75' lang='lat' dir='ltr'>Theognidea</span> 
     </span>
     <span class='ocr_line' id='line_1_15' title="bbox 174 1976 1346 2060; baseline 0.003 -18"><span class='ocrx_word' id='word_1_105' title='bbox 174 1978 431 2059; x_wconf 90' lang='lat' dir='ltr'>oonsaroinavit,</span> <span class='ocrx_word' id='word_1_106' title='bbox 478 1976 626 2060; x_wconf 89' lang='lat' dir='ltr'>singulas</span> <span class='ocrx_word' id='word_1_107' title='bbox 672 1976 855 2044; x_wconf 90' lang='lat' dir='ltr'>sententias</span> <span class='ocrx_word' id='word_1_108' title='bbox 888 1979 1065 2045; x_wconf 91' lang='lat' dir='ltr'>verborum</span> <span class='ocrx_word' id='word_1_109' title='bbox 1106 1977 1248 2059; x_wconf 91' lang='lat' dir='ltr'>quodam</span> <span class='ocrx_word' id='word_1_110' title='bbox 1290 1979 1346 2045; x_wconf 90' lang='lat' dir='ltr'>filo</span> 
     </span>
     <span class='ocr_line' id='line_1_16' title="bbox 175 2092 1345 2175; baseline 0.002 -18"><span class='ocrx_word' id='word_1_111' title='bbox 175 2111 315 2159; x_wconf 90' lang='lat' dir='ltr'>oonexas</span> <span class='ocrx_word' id='word_1_112' title='bbox 339 2099 382 2175; x_wconf 87' lang='lat' dir='ltr'>et,</span> <span class='ocrx_word' id='word_1_113' title='bbox 410 2093 468 2159; x_wconf 94' lang='lat' dir='ltr'>ubi</span> <span class='ocrx_word' id='word_1_114' title='bbox 491 2092 728 2158; x_wconf 89' lang='lat' dir='ltr'>sententiarum</span> <span class='ocrx_word' id='word_1_115' title='bbox 753 2092 917 2175; x_wconf 78' lang='lat' dir='ltr'>copulatio</span> <span class='ocrx_word' id='word_1_116' title='bbox 941 2093 1001 2174; x_wconf 89' lang='lat' dir='ltr'>illa</span> <span class='ocrx_word' id='word_1_117' title='bbox 1027 2092 1213 2173; x_wconf 90' lang='lat' dir='ltr'>interrupta</span> <span class='ocrx_word' id='word_1_118' title='bbox 1236 2092 1345 2173; x_wconf 88' lang='lat' dir='ltr'>fuerit,</span> 
     </span>
     <span class='ocr_line' id='line_1_17' title="bbox 173 2207 1345 2276; baseline -0.001 -1"><span class='ocrx_word' id='word_1_119' title='bbox 173 2209 364 2276; x_wconf 91' lang='lat' dir='ltr'>adnexum</span> <span class='ocrx_word' id='word_1_120' title='bbox 398 2208 638 2276; x_wconf 92' lang='lat' dir='ltr'>restituendum</span> <span class='ocrx_word' id='word_1_121' title='bbox 673 2209 814 2275; x_wconf 90' lang='lat' dir='ltr'>alteram</span> <span class='ocrx_word' id='word_1_122' title='bbox 850 2209 1047 2276; x_wconf 91' lang='lat' dir='ltr'>sententiam</span> <span class='ocrx_word' id='word_1_123' title='bbox 1082 2227 1154 2275; x_wconf 91' lang='lat' dir='ltr'>esse</span> <span class='ocrx_word' id='word_1_124' title='bbox 1188 2207 1345 2274; x_wconf 90' lang='lat' dir='ltr'>insertam</span> 
     </span>
     <span class='ocr_line' id='line_1_18' title="bbox 172 2315 1345 2417; baseline 0.002 -27"><span class='ocrx_word' id='word_1_125' title='bbox 172 2325 385 2392; x_wconf 89' lang='lat' dir='ltr'>existimaret.</span> <span class='ocrx_word' id='word_1_126' title='bbox 420 2315 518 2391; x_wconf 82' lang='lat' dir='ltr'>Han‘o</span> <span class='ocrx_word' id='word_1_127' title='bbox 540 2324 606 2390; x_wconf 85' lang='lat' dir='ltr'>viri</span> <span class='ocrx_word' id='word_1_128' title='bbox 629 2324 717 2391; x_wconf 89' lang='lat' dir='ltr'>dooti</span> <span class='ocrx_word' id='word_1_129' title='bbox 734 2325 931 2417; x_wconf 86' lang='lat' dir='ltr'>sententiam</span> <span class='ocrx_word' id='word_1_130' title='bbox 943 2342 1043 2406; x_wconf 90' lang='lat' dir='ltr'>quam</span> <span class='ocrx_word' id='word_1_131' title='bbox 1060 2325 1121 2390; x_wconf 79' lang='lat' dir='ltr'>Th.</span> <span class='ocrx_word' id='word_1_132' title='bbox 1139 2324 1345 2392; x_wconf 82' lang='lat' dir='ltr'>Fritzsohius</span> 
     </span>
     <span class='ocr_line' id='line_1_19' title="bbox 172 2440 1345 2522; baseline 0.001 -17"><span class='ocrx_word' id='word_1_133' title='bbox 172 2441 403 2507; x_wconf 86' lang='lat' dir='ltr'>dissertatione</span> <span class='ocrx_word' id='word_1_134' title='bbox 437 2440 556 2506; x_wconf 93' lang='lat' dir='ltr'>Philol.</span> <span class='ocrx_word' id='word_1_135' title='bbox 591 2450 660 2506; x_wconf 90' lang='lat' dir='ltr'>tom</span> <span class='ocrx_word' id='word_1_136' title='bbox 695 2440 816 2506; x_wconf 87' lang='lat' dir='ltr'>XXIX</span> <span class='ocrx_word' id='word_1_137' title='bbox 850 2460 881 2522; x_wconf 91' lang='lat' dir='ltr'>p.</span> <span class='ocrx_word' id='word_1_138' title='bbox 911 2445 1064 2505; x_wconf 82' lang='lat'>526-46</span> <span class='ocrx_word' id='word_1_139' title='bbox 1093 2440 1231 2506; x_wconf 90' lang='lat' dir='ltr'>inserta:</span> <span class='ocrx_word' id='word_1_140' title='bbox 1273 2441 1345 2506; x_wconf 92' lang='lat' dir='ltr'>Das</span> 
     </span>
     <span class='ocr_line' id='line_1_20' title="bbox 172 2556 1345 2640; baseline -0.003 -16"><span class='ocrx_word' id='word_1_141' title='bbox 172 2556 348 2624; x_wconf 84' lang='lat' dir='ltr'>Stiehwort</span> <span class='ocrx_word' id='word_1_142' title='bbox 364 2559 414 2624; x_wconf 92' lang='lat' dir='ltr'>als</span> <span class='ocrx_word' id='word_1_143' title='bbox 432 2556 735 2640; x_wconf 87' lang='lat' dir='ltr'>Ordnungsprineip</span> <span class='ocrx_word' id='word_1_144' title='bbox 753 2558 812 2623; x_wconf 92' lang='lat' dir='ltr'>der</span> <span class='ocrx_word' id='word_1_145' title='bbox 828 2556 1130 2640; x_wconf 80' lang='lat' dir='ltr'>Theognideisehen</span> <span class='ocrx_word' id='word_1_146' title='bbox 1146 2557 1345 2639; x_wconf 85' lang='lat' dir='ltr'>Fragmenta</span> 
     </span>
     <span class='ocr_line' id='line_1_21' title="bbox 171 2671 1343 2765; baseline -0.001 -28"><span class='ocrx_word' id='word_1_147' title='bbox 171 2674 292 2738; x_wconf 89' lang='lat' dir='ltr'>aeriter</span> <span class='ocrx_word' id='word_1_148' title='bbox 325 2673 549 2765; x_wconf 86' lang='lat' dir='ltr'>impugnavit,</span> <span class='ocrx_word' id='word_1_149' title='bbox 585 2691 680 2738; x_wconf 94' lang='lat' dir='ltr'>nemo</span> <span class='ocrx_word' id='word_1_150' title='bbox 719 2672 787 2738; x_wconf 85' lang='lat' dir='ltr'>fere</span> <span class='ocrx_word' id='word_1_151' title='bbox 823 2678 888 2753; x_wconf 92' lang='lat' dir='ltr'>est,</span> <span class='ocrx_word' id='word_1_152' title='bbox 911 2672 986 2752; x_wconf 58' lang='lat' dir='ltr'>&#39;qui</span> <span class='ocrx_word' id='word_1_153' title='bbox 1020 2690 1133 2737; x_wconf 88' lang='lat' dir='ltr'>veram</span> <span class='ocrx_word' id='word_1_154' title='bbox 1169 2671 1343 2737; x_wconf 89' lang='lat' dir='ltr'>existimet.</span> 
     </span>
     <span class='ocr_line' id='line_1_22' title="bbox 171 2784 1344 2868; baseline 0 -16"><span class='ocrx_word' id='word_1_155' title='bbox 171 2789 383 2853; x_wconf 90' lang='lat' dir='ltr'>Hermannus</span> <span class='ocrx_word' id='word_1_156' title='bbox 407 2794 518 2852; x_wconf 88' lang='lat' dir='ltr'>autem</span> <span class='ocrx_word' id='word_1_157' title='bbox 542 2787 784 2867; x_wconf 79' lang='lat' dir='ltr'>Schneidewin,</span> <span class='ocrx_word' id='word_1_158' title='bbox 810 2787 864 2867; x_wconf 93' lang='lat' dir='ltr'>qui</span> <span class='ocrx_word' id='word_1_159' title='bbox 889 2785 1119 2851; x_wconf 87' lang='lat' dir='ltr'>dissertatione</span> <span class='ocrx_word' id='word_1_160' title='bbox 1143 2784 1184 2850; x_wconf 91' lang='lat' dir='ltr'>de</span> <span class='ocrx_word' id='word_1_161' title='bbox 1208 2786 1344 2868; x_wconf 86' lang='lat' dir='ltr'>syllogis</span> 
     </span>
     <span class='ocr_line' id='line_1_23' title="bbox 171 2899 1343 2985; baseline -0.001 -17"><span class='ocrx_word' id='word_1_162' title='bbox 171 2902 389 2985; x_wconf 82' lang='lat' dir='ltr'>Theognideis</span> <span class='ocrx_word' id='word_1_163' title='bbox 407 2901 625 2984; x_wconf 85' lang='lat' dir='ltr'>Argentorati</span> <span class='ocrx_word' id='word_1_164' title='bbox 650 2904 734 2967; x_wconf 81' lang='grc'><strong>1878</strong></span> <span class='ocrx_word' id='word_1_165' title='bbox 759 2901 883 2982; x_wconf 88' lang='lat' dir='ltr'>seripta</span> <span class='ocrx_word' id='word_1_166' title='bbox 905 2900 1149 2966; x_wconf 87' lang='lat' dir='ltr'>demonstrasse</span> <span class='ocrx_word' id='word_1_167' title='bbox 1174 2899 1236 2965; x_wconf 92' lang='lat' dir='ltr'>sibi</span> <span class='ocrx_word' id='word_1_168' title='bbox 1252 2901 1343 2967; x_wconf 81' lang='lat' dir='ltr'>risus</span> 
     </span>
     <span class='ocr_line' id='line_1_24' title="bbox 172 3015 1344 3099; baseline -0.002 -15"><span class='ocrx_word' id='word_1_169' title='bbox 172 3025 308 3084; x_wconf 90' lang='lat' dir='ltr'>estnon</span> <span class='ocrx_word' id='word_1_170' title='bbox 331 3018 427 3084; x_wconf 94' lang='lat' dir='ltr'>modo</span> <span class='ocrx_word' id='word_1_171' title='bbox 456 3017 577 3083; x_wconf 93' lang='lat' dir='ltr'>librum</span> <span class='ocrx_word' id='word_1_172' title='bbox 605 3015 890 3099; x_wconf 80' lang='lat' dir='ltr'>Theognideqrum</span> <span class='ocrx_word' id='word_1_173' title='bbox 926 3016 947 3076; x_wconf 88' lang='grc' dir='ltr'>α’</span> <span class='ocrx_word' id='word_1_174' title='bbox 980 3035 1020 3080; x_wconf 89' lang='lat' dir='ltr'>ex</span> <span class='ocrx_word' id='word_1_175' title='bbox 1048 3015 1175 3080; x_wconf 90' lang='lat' dir='ltr'>duabus</span> <span class='ocrx_word' id='word_1_176' title='bbox 1208 3015 1344 3098; x_wconf 88' lang='lat' dir='ltr'>syllogis</span> 
     </span>
     <span class='ocr_line' id='line_1_25' title="bbox 172 3130 1343 3214; baseline -0.002 -16"><span class='ocrx_word' id='word_1_177' title='bbox 172 3140 344 3200; x_wconf 81' lang='lat' dir='ltr'>consutum</span> <span class='ocrx_word' id='word_1_178' title='bbox 368 3137 468 3214; x_wconf 92' lang='lat' dir='ltr'>atque</span> <span class='ocrx_word' id='word_1_179' title='bbox 490 3130 682 3214; x_wconf 89' lang='lat' dir='ltr'>posterioris</span> <span class='ocrx_word' id='word_1_180' title='bbox 706 3132 854 3214; x_wconf 86' lang='lat' dir='ltr'>syllogae</span> <span class='ocrx_word' id='word_1_181' title='bbox 878 3131 1007 3196; x_wconf 91' lang='lat' dir='ltr'>initium</span> <span class='ocrx_word' id='word_1_182' title='bbox 1026 3130 1113 3196; x_wconf 89' lang='lat' dir='ltr'>inter</span> <span class='ocrx_word' id='word_1_183' title='bbox 1128 3149 1261 3196; x_wconf 90' lang='lat' dir='ltr'>versum</span> <span class='ocrx_word' id='word_1_184' title='bbox 1278 3135 1343 3196; x_wconf 83' lang='grc'>878</span> 
     </span>
     <span class='ocr_line' id='line_1_26' title="bbox 171 3246 1343 3330; baseline -0.003 -15"><span class='ocrx_word' id='word_1_185' title='bbox 171 3254 205 3315; x_wconf 89' lang='grc' dir='ltr'>θῖ</span> <span class='ocrx_word' id='word_1_186' title='bbox 240 3255 325 3315; x_wconf 87' lang='grc'><strong>1038</strong></span> <span class='ocrx_word' id='word_1_187' title='bbox 360 3247 573 3316; x_wconf 89' lang='lat' dir='ltr'>statuendum</span> <span class='ocrx_word' id='word_1_188' title='bbox 609 3265 696 3328; x_wconf 89' lang='lat' dir='ltr'>esse,</span> <span class='ocrx_word' id='word_1_189' title='bbox 732 3246 791 3312; x_wconf 94' lang='lat' dir='ltr'>sed</span> <span class='ocrx_word' id='word_1_190' title='bbox 827 3246 926 3313; x_wconf 92' lang='lat' dir='ltr'>etiam</span> <span class='ocrx_word' id='word_1_191' title='bbox 949 3247 1163 3330; x_wconf 90' lang='lat' dir='ltr'>repetitorum</span> <span class='ocrx_word' id='word_1_192' title='bbox 1187 3265 1343 3312; x_wconf 90' lang='lat' dir='ltr'>versuum</span> 
     </span>
     <span class='ocr_line' id='line_1_27' title="bbox 170 3362 1343 3448; baseline -0.003 -16"><span class='ocrx_word' id='word_1_193' title='bbox 170 3367 349 3432; x_wconf 84' lang='lat' dir='ltr'>maximam</span> <span class='ocrx_word' id='word_1_194' title='bbox 372 3371 501 3448; x_wconf 88' lang='lat' dir='ltr'>partem</span> <span class='ocrx_word' id='word_1_195' title='bbox 524 3364 559 3429; x_wconf 95' lang='lat' dir='ltr'>in</span> <span class='ocrx_word' id='word_1_196' title='bbox 582 3363 763 3448; x_wconf 89' lang='lat' dir='ltr'>posteriore</span> <span class='ocrx_word' id='word_1_197' title='bbox 787 3364 917 3446; x_wconf 85' lang='lat' dir='ltr'>sylloga</span> <span class='ocrx_word' id='word_1_198' title='bbox 945 3362 1075 3429; x_wconf 90' lang='lat' dir='ltr'>fidelius</span> <span class='ocrx_word' id='word_1_199' title='bbox 1099 3362 1343 3446; x_wconf 79' lang='lat' dir='ltr'>Theognideam</span> 
     </span>
     <span class='ocr_line' id='line_1_28' title="bbox 170 3478 1343 3561; baseline -0.002 -14"><span class='ocrx_word' id='word_1_200' title='bbox 170 3483 309 3548; x_wconf 85' lang='lat' dir='ltr'>sormam</span> <span class='ocrx_word' id='word_1_201' title='bbox 332 3480 508 3547; x_wconf 88' lang='lat' dir='ltr'>retinuisse</span> <span class='ocrx_word' id='word_1_202' title='bbox 530 3481 654 3546; x_wconf 90' lang='lat' dir='ltr'>multos</span> <span class='ocrx_word' id='word_1_203' title='bbox 674 3479 810 3561; x_wconf 84' lang='lat' dir='ltr'>invenit,</span> <span class='ocrx_word' id='word_1_204' title='bbox 834 3479 889 3560; x_wconf 94' lang='lat' dir='ltr'>qui</span> <span class='ocrx_word' id='word_1_205' title='bbox 906 3479 936 3545; x_wconf 92' lang='lat' dir='ltr'>ei</span> <span class='ocrx_word' id='word_1_206' title='bbox 957 3478 1204 3546; x_wconf 85' lang='lat' dir='ltr'>assentirentur.</span> <span class='ocrx_word' id='word_1_207' title='bbox 1239 3479 1343 3545; x_wconf 89' lang='lat' dir='ltr'>Reote</span> 
     </span>
     <span class='ocr_line' id='line_1_29' title="bbox 168 3593 1342 3678; baseline -0.004 -14"><span class='ocrx_word' id='word_1_208' title='bbox 168 3605 280 3665; x_wconf 87' lang='lat' dir='ltr'>autem</span> <span class='ocrx_word' id='word_1_209' title='bbox 306 3595 510 3666; x_wconf 83' lang='lat' dir='ltr'>Studemund</span> <span class='ocrx_word' id='word_1_210' title='bbox 544 3614 575 3677; x_wconf 91' lang='lat' dir='ltr'>p.</span> <span class='ocrx_word' id='word_1_211' title='bbox 600 3599 643 3659; x_wconf 88' lang='grc'>36</span> <span class='ocrx_word' id='word_1_212' title='bbox 671 3595 808 3678; x_wconf 84' lang='lat' dir='ltr'>negavit</span> <span class='ocrx_word' id='word_1_213' title='bbox 834 3614 876 3660; x_wconf 90' lang='lat' dir='ltr'>ex</span> <span class='ocrx_word' id='word_1_214' title='bbox 902 3613 1058 3661; x_wconf 83' lang='lat' dir='ltr'>versuum</span> <span class='ocrx_word' id='word_1_215' title='bbox 1092 3593 1342 3675; x_wconf 90' lang='lat' dir='ltr'>repetitionibus</span> 
     </span>
     <span class='ocr_line' id='line_1_30' title="bbox 139 3709 1340 3796; baseline -0.004 -17"><span class='ocrx_word' id='word_1_216' title='bbox 139 3791 141 3796; x_wconf 67' lang='lat'>,</span> <span class='ocrx_word' id='word_1_217' title='bbox 169 3713 348 3795; x_wconf 89' lang='lat' dir='ltr'>quidquam</span> <span class='ocrx_word' id='word_1_218' title='bbox 371 3711 542 3794; x_wconf 87' lang='lat' dir='ltr'>probabile</span> <span class='ocrx_word' id='word_1_219' title='bbox 567 3709 607 3776; x_wconf 92' lang='lat' dir='ltr'>de</span> <span class='ocrx_word' id='word_1_220' title='bbox 630 3709 915 3793; x_wconf 79' lang='lat' dir='ltr'>Theognidaorum</span> <span class='ocrx_word' id='word_1_221' title='bbox 943 3709 1068 3792; x_wconf 84' lang='lat' dir='ltr'>origine</span> <span class='ocrx_word' id='word_1_222' title='bbox 1101 3709 1206 3775; x_wconf 90' lang='lat' dir='ltr'>statui</span> <span class='ocrx_word' id='word_1_223' title='bbox 1232 3727 1340 3790; x_wconf 89' lang='lat' dir='ltr'>posse.</span> 
     </span>
     <span class='ocr_line' id='line_1_31' title="bbox 169 3824 1342 3913; baseline -0.003 -19"><span class='ocrx_word' id='word_1_224' title='bbox 169 3831 240 3913; x_wconf 77' lang='lat' dir='ltr'>Ego</span> <span class='ocrx_word' id='word_1_225' title='bbox 274 3848 355 3894; x_wconf 82' lang='lat' dir='ltr'>vero</span> <span class='ocrx_word' id='word_1_226' title='bbox 390 3847 465 3894; x_wconf 90' lang='lat' dir='ltr'>oum</span> <span class='ocrx_word' id='word_1_227' title='bbox 492 3825 629 3893; x_wconf 88' lang='lat' dir='ltr'>Henrioi</span> <span class='ocrx_word' id='word_1_228' title='bbox 656 3825 814 3901; x_wconf 78' lang='lat' dir='ltr'>dardani,</span> <span class='ocrx_word' id='word_1_229' title='bbox 848 3825 905 3906; x_wconf 93' lang='lat' dir='ltr'>qui</span> <span class='ocrx_word' id='word_1_230' title='bbox 937 3825 971 3890; x_wconf 93' lang='lat' dir='ltr'>in</span> <span class='ocrx_word' id='word_1_231' title='bbox 1005 3827 1152 3891; x_wconf 85' lang='lat' dir='ltr'>Hermae</span> <span class='ocrx_word' id='word_1_232' title='bbox 1175 3825 1240 3891; x_wconf 90' lang='lat' dir='ltr'>vol.</span> <span class='ocrx_word' id='word_1_233' title='bbox 1264 3824 1342 3891; x_wconf 90' lang='lat' dir='ltr'>XV.</span> 
     </span>
     <span class='ocr_line' id='line_1_32' title="bbox 169 3939 1344 4027; baseline -0.005 -16"><span class='ocrx_word' id='word_1_234' title='bbox 169 3965 200 4027; x_wconf 91' lang='lat' dir='ltr'>p.</span> <span class='ocrx_word' id='word_1_235' title='bbox 225 3951 291 4010; x_wconf 82' lang='lat'>524</span> <span class='ocrx_word' id='word_1_236' title='bbox 314 3945 396 4026; x_wconf 89' lang='lat' dir='ltr'>sqq.¹</span> <span class='ocrx_word' id='word_1_237' title='bbox 423 3947 611 4025; x_wconf 82' lang='lat' dir='ltr'>monuerat,</span> <span class='ocrx_word' id='word_1_238' title='bbox 633 3960 676 4006; x_wconf 94' lang='lat' dir='ltr'>ne</span> <span class='ocrx_word' id='word_1_239' title='bbox 706 3945 858 4021; x_wconf 92' lang='lat' dir='ltr'>expertos</span> <span class='ocrx_word' id='word_1_240' title='bbox 887 3957 1028 4005; x_wconf 89' lang='lat' dir='ltr'>vaenum</span> <span class='ocrx_word' id='word_1_241' title='bbox 1057 3939 1227 4006; x_wconf 87' lang='lat' dir='ltr'>Daedalos</span> <span class='ocrx_word' id='word_1_242' title='bbox 1262 3956 1344 4005; x_wconf 87' lang='lat' dir='ltr'>aera</span> 
     </span>
     <span class='ocr_line' id='line_1_33' title="bbox 169 4053 1343 4141; baseline -0.006 -14"><span class='ocrx_word' id='word_1_243' title='bbox 169 4080 391 4141; x_wconf 77' lang='lat' dir='ltr'>sequeremur,</span> <span class='ocrx_word' id='word_1_244' title='bbox 416 4057 607 4126; x_wconf 90' lang='lat' dir='ltr'>auotoritati</span> <span class='ocrx_word' id='word_1_245' title='bbox 631 4058 860 4138; x_wconf 89' lang='lat' dir='ltr'>obtemperans</span> <span class='ocrx_word' id='word_1_246' title='bbox 883 4053 1024 4136; x_wconf 91' lang='lat' dir='ltr'>primum</span> <span class='ocrx_word' id='word_1_247' title='bbox 1048 4073 1114 4120; x_wconf 93' lang='lat' dir='ltr'>non</span> <span class='ocrx_word' id='word_1_248' title='bbox 1135 4054 1218 4122; x_wconf 91' lang='lat' dir='ltr'>illud</span> <span class='ocrx_word' id='word_1_249' title='bbox 1241 4071 1343 4134; x_wconf 88' lang='lat' dir='ltr'>quae-</span> 
     </span>
     <span class='ocr_line' id='line_1_34' title="bbox 168 4167 1341 4254; baseline -0.005 -12"><span class='ocrx_word' id='word_1_250' title='bbox 168 4177 308 4242; x_wconf 89' lang='lat' dir='ltr'>rendum</span> <span class='ocrx_word' id='word_1_251' title='bbox 331 4194 404 4242; x_wconf 89' lang='lat' dir='ltr'>esse</span> <span class='ocrx_word' id='word_1_252' title='bbox 428 4174 622 4254; x_wconf 85' lang='lat' dir='ltr'>existimem,</span> <span class='ocrx_word' id='word_1_253' title='bbox 646 4170 701 4253; x_wconf 90' lang='lat' dir='ltr'>qui</span> <span class='ocrx_word' id='word_1_254' title='bbox 724 4171 848 4237; x_wconf 83' lang='lat' dir='ltr'>fastum</span> <span class='ocrx_word' id='word_1_255' title='bbox 872 4168 925 4248; x_wconf 91' lang='lat' dir='ltr'>sit,</span> <span class='ocrx_word' id='word_1_256' title='bbox 948 4174 986 4234; x_wconf 91' lang='lat' dir='ltr'>ut</span> <span class='ocrx_word' id='word_1_257' title='bbox 1008 4167 1094 4233; x_wconf 92' lang='lat' dir='ltr'>idem</span> <span class='ocrx_word' id='word_1_258' title='bbox 1118 4168 1341 4253; x_wconf 84' lang='lat' dir='ltr'>fragmentum</span> 
     </span>
    </p>
   </div>
   <div class='ocr_carea' id='block_1_3' title="bbox 241 4327 1342 4399">
    <p class='ocr_par' dir='ltr' id='par_1_3' title="bbox 241 4327 1342 4399">
     <span class='ocr_line' id='line_1_35' title="bbox 241 4327 1342 4399; baseline -0.005 -11"><span class='ocrx_word' id='word_1_259' title='bbox 241 4334 251 4372; x_wconf 91' lang='lat'><strong>¹</strong></span> <span class='ocrx_word' id='word_1_260' title='bbox 272 4335 308 4388; x_wconf 84' lang='lat' dir='ltr'>of.</span> <span class='ocrx_word' id='word_1_261' title='bbox 328 4335 460 4388; x_wconf 89' lang='lat' dir='ltr'>eiusdem</span> <span class='ocrx_word' id='word_1_262' title='bbox 480 4333 598 4397; x_wconf 86' lang='lat' dir='ltr'>Quaest.</span> <span class='ocrx_word' id='word_1_263' title='bbox 618 4330 783 4399; x_wconf 75' lang='lat' dir='ltr'>Theognid.</span> <span class='ocrx_word' id='word_1_264' title='bbox 802 4329 835 4381; x_wconf 91' lang='lat' dir='ltr'>in</span> <span class='ocrx_word' id='word_1_265' title='bbox 862 4328 961 4381; x_wconf 82' lang='lat' dir='ltr'>indice</span> <span class='ocrx_word' id='word_1_266' title='bbox 979 4327 1140 4380; x_wconf 88' lang='lat' dir='ltr'>leotionum</span> <span class='ocrx_word' id='word_1_267' title='bbox 1159 4329 1342 4396; x_wconf 81' lang='lat' dir='ltr'>Regimontii</span> 
     </span>
    </p>
   </div>
   <div class='ocr_carea' id='block_1_4' title="bbox 168 4421 1126 4559">
    <p class='ocr_par' dir='ltr' id='par_1_4' title="bbox 168 4421 1126 4559">
     <span class='ocr_line' id='line_1_36' title="bbox 168 4421 1126 4538; baseline -0.006 -61"><span class='ocrx_word' id='word_1_268' title='bbox 168 4439 222 4490; x_wconf 90' lang='lat' dir='ltr'>per</span> <span class='ocrx_word' id='word_1_269' title='bbox 239 4424 367 4478; x_wconf 84' lang='lat' dir='ltr'>hiemem</span> <span class='ocrx_word' id='word_1_270' title='bbox 387 4424 503 4492; x_wconf 66' lang='lat' dir='ltr'>leserat</span> <span class='ocrx_word' id='word_1_271' title='bbox 520 4421 732 4475; x_wconf 85' lang='lat' dir='ltr'>habendarum.</span> <span class='ocrx_word' id='word_1_272' title='bbox 1112 4504 1126 4538; x_wconf 51' lang='lat'>*</span> 
     </span>
     <span class='ocr_line' id='line_1_37' title="bbox 1095 4508 1108 4559; baseline 0 0"><span class='ocrx_word' id='word_1_273' title='bbox 1095 4508 1108 4559; x_wconf 96' lang='lat'>1</span> 
     </span>
    </p>
   </div>
   <div class='ocr_carea' id='block_1_5' title="bbox 0 0 1522 4844">
    <p class='ocr_par' dir='ltr' id='par_1_5' title="bbox 0 0 1522 4844">
     <span class='ocr_line' id='line_1_38' title="bbox 0 0 1522 4844; baseline 0 2"><span class='ocrx_word' id='word_1_274' title='bbox 0 0 1522 4844; x_wconf 95' lang='lat' dir='ltr'> </span> 
     </span>
    </p>
   </div>
  </div>
 </body>
</html>
