3030 4846
670 291 878 351 ..36-

189 484 314 549 factum
335 502 407 548 esse
418 484 462 567 ¹),
493 469 558 566 quo
583 483 618 547 in
649 484 782 565 negotio
815 505 879 548 non
903 483 1005 549 semel
1026 482 1120 548 illum
1144 483 1277 548 distichi
1297 483 1366 549 iam

191 595 416 679 suprapositi
447 594 670 660 immemorem
702 594 864 659 distichon
895 593 1048 659 inferiore
1071 594 1143 660 loco
1166 596 1285 660 iterum
1310 594 1365 660 de·

191 707 286 771 disee.

276 814 458 881 Veniamus
489 814 532 878 ad
561 817 692 881 tertiam
717 834 850 880 causam
874 813 1011 878 abistis
1039 815 1212 897 prolatam.
1257 815 1366 881 Testi-

190 926 307 991 moniis
324 931 472 990 veterum
496 925 693 1008 scriptorum
712 924 842 988 elucere
866 922 981 987 dicunt
1002 923 1129 989 alienos
1145 946 1217 990 esse
1232 948 1252 989 a
1267 933 1367 1008 poeta

190 1035 378 1119 Megarensi
408 1057 481 1100 cum
511 1044 639 1100 ceteros
669 1056 780 1099 versus
810 1035 1007 1115 amatorios,
1038 1041 1108 1100 tum
1137 1036 1279 1099 maxime
1311 1055 1367 1100 eos

191 1148 248 1229 qui
270 1146 355 1211 libro
371 1147 477 1211 altero
502 1149 733 1211 contineantur
745 1147 780 1229 2).
814 1144 966 1230 Longam
982 1147 1069 1209 enim
1092 1148 1209 1210 seriem
1232 1147 1367 1211 testium

193 1258 270 1324 inde
291 1258 332 1322 ab
355 1265 490 1323 auctore
510 1257 589 1321 libri
611 1256 684 1340 περὶ
706 1255 869 1339 Θεόγνιδος
889 1261 923 1320 et
938 1256 1086 1321 Isocrate
1108 1278 1212 1339 usque
1234 1256 1277 1320 ad
1294 1255 1367 1322 Sui·

191 1368 267 1433 dam
282 1372 306 1449 ³)
327 1368 530 1452 producunt,
562 1367 650 1451 apud
680 1387 762 1450 quos
794 1368 850 1431 ubi
873 1366 1075 1448 Theognidis
1098 1367 1367 1432 commemoratio

191 1478 259 1558 fiat,
291 1479 486 1560 praesertim
509 1483 547 1541 ut
566 1479 628 1542 viri
648 1478 805 1560 sapientis
829 1483 862 1543 et
884 1479 999 1562 optimi
1020 1478 1108 1542 ritae
1131 1478 1368 1561 praeceptoris,

194 1591 242 1654 ita
262 1595 486 1673 comparatam
510 1610 599 1669 esse,
630 1594 668 1652 ut
688 1588 747 1653 illa
767 1609 848 1652 sane
869 1610 934 1653 non
957 1589 1077 1655 dicturi
1100 1589 1241 1670 fuerint,
1269 1590 1297 1652 si
1320 1589 1368 1653 di·

194 1701 302 1765 sticha
325 1699 492 1774 obscoena
513 1701 691 1765 novissent.
736 1700 876 1765 Maxime
898 1700 961 1765 hoc
983 1700 1201 1765 demonstrari
1222 1700 1369 1764 testimo·

191 1812 254 1876 niis
277 1812 443 1876 Athenaei
467 1818 499 1877 et
521 1811 658 1878 Stobaei
682 1813 752 1894 qui,
784 1811 944 1876 facultate
975 1808 1054 1874 data
1083 1830 1195 1874 versus
1225 1811 1368 1875 eroticos

193 1921 361 2002 afferendi,
385 1929 515 1987 nostros
537 1944 603 1987 non
627 1924 739 1988 citent.
785 1921 879 1987 Haec
902 1943 975 1986 cum
997 1920 1113 1986 eadem
1133 1922 1186 1985 via
1208 1921 1251 1985 sit
1273 1943 1369 2004 argu·

188 2033 360 2098 vmentandi
391 2055 457 2116 qua
486 2040 624 2098 utuntur
655 2034 711 2116 qui
740 2034 902 2117 syllogam
928 2033 1085 2097 maiorem
1113 2032 1202 2096 circa
1232 2032 1370 2098 Stohaei

192 2151 343 2226 tempora
366 2144 418 2207 vel
440 2150 556 2226 postea
581 2152 687 2208 ortam
712 2144 868 2235 credunt,
898 2144 949 2207 illi
967 2165 1028 2227 pro
1051 2164 1103 2207 me
1125 2143 1224 2208 verba
1245 2143 1370 2209 faciant

193 2256 249 2336 qui
266 2253 493 2318 collectionem
516 2255 621 2317 aetati
637 2253 874 2319 Alexandrinis
892 2254 1054 2336 superiori
1069 2252 1245 2319 vindicant.
1283 2255 1370 2322 Vide

195 2385 280 2447 quae
311 2369 534 2447 exposuerunt
565 2363 675 2428 Hiller
704 2363 815 2427 Jahrb.
835 2365 864 2446 f.
888 2363 970 2427 Phil.
993 2386 1024 2447 p.
1040 2368 1104 2428 468
1123 2385 1171 2446 sq.
1202 2373 1237 2431 et
1257 2367 1370 2451 Bergk

192 2497 223 2558 p.
241 2480 303 2539 315
326 2481 393 2540 not.
413 2479 463 2539 71.
500 2473 571 2538 Nos
592 2496 700 2558 pauca
722 2475 893 2540 addamus.
933 2473 1158 2557 Scriptoribus
1179 2478 1369 2544 recentibus

192 2607 228 2651 re
251 2607 329 2650 vera
351 2606 417 2649 non
435 2585 499 2649 nisi
516 2584 637 2649 librum
653 2586 797 2668 primum
819 2593 953 2668 praesto
970 2584 1071 2649 fuisse
1095 2587 1320 2651 existimamus
1337 2593 1371 2652 et

194 2717 264 2760 rem
280 2696 328 2760 ita
344 2702 454 2760 actam
474 2716 546 2760 esse
560 2697 669 2760 animo
686 2695 781 2760 nobis
794 2697 1025 2760 informamus:
1044 2695 1171 2780 sylloga
1187 2697 1229 2760 ab
1240 2697 1370 2762 homine

193 2807 305 2890 ignoto
319 2806 469 2871 coniecta
479 2806 639 2871 librorum
653 2806 794 2872 duorum
811 2827 885 2871 cum
897 2807 1076 2871 identidem
1091 2807 1258 2889 descripta
1274 2816 1370 2890 esset,

193 2918 360 3000 quendam
371 2917 412 2982 de
431 2938 532 2982 causa
544 2918 718 3001 perspicua
728 2916 849 2982 librum
868 2919 1067 3000 domisisse3
1084 2916 1163 2983 inde
1183 2917 1248 2983 duo
1262 2941 1370 2985 exem·

191 3029 249 3110 pla
262 3029 477 3095 describendo
489 3034 674 3111 propagata
687 3049 769 3108 esse,
781 3050 882 3093 unum
895 3028 1038 3112 ἐλεγείων
1051 3053 1072 3092 α
1083 3028 1190 3092 solum
1203 3031 1370 3113 exhibens,

192 3138 333 3204 alterum
348 3138 453 3204 libros
468 3163 490 3202 α
506 3145 538 3203 et
555 3144 584 3221 β.
626 3139 712 3219 Hoc,
737 3146 773 3203 ut
794 3146 915 3204 natura
931 3141 1090 3204 materiae
1106 3138 1241 3220 ferebat,
1267 3142 1370 3223 magis

192 3251 364 3332 magisque
388 3251 558 3314 evanuisse
582 3255 616 3313 et
638 3269 728 3313 mero
753 3271 831 3313 casu
856 3249 951 3314 nobis
974 3271 1074 3314 unum
1098 3249 1281 3332 exemplum
1304 3272 1371 3317 ser·

191 3366 313 3439 ratum,
334 3359 405 3424 cod.
423 3359 642 3423 Mutinensem
652 3359 687 3437 4).
724 3357 851 3423 Contra
873 3361 1002 3443 priores
1021 3367 1058 3425 ut
1071 3360 1255 3426 Isocratem
1275 3361 1370 3444 alios,

192 3471 250 3554 qui
267 3468 492 3551 Theognidem
510 3470 674 3550 integrum
689 3468 859 3534 habebant
881 3477 940 3535 aut
962 3471 1170 3555 anthologias
1189 3473 1370 3537 carminum

279 3656 301 3723 ¹)
320 3654 361 3709 cf.
380 3654 475 3725 Bergk
492 3654 725 3723 Literuturpeach.
745 3653 777 3707 II
795 3672 821 3723 p.
841 3659 901 3710 314.

278 3741 301 3808 ¹)
320 3740 392 3794 Sunt
403 3739 445 3792 hi:
465 3737 596 3792 Welcker
607 3757 633 3808 p.
647 3738 747 3793 LXXI
763 3757 837 3807 sqq.;
857 3740 1004 3797 Nietzsche
1016 3762 1042 3812 p.
1058 3746 1190 3814 180sqq.;
1204 3745 1241 3798 H.
1256 3745 1371 3800 Schnei-

193 3828 284 3882 dewin
302 3845 328 3895 p.
347 3829 394 3891 403
413 3823 514 3878 Sitzler
531 3843 558 3893 p.
576 3825 692 3890 ao-am
712 3824 801 3878 Oouat
818 3845 845 3896 p.
858 3829 910 3880 270
922 3845 996 3896 sqq.;
1017 3828 1105 3882 Flsch
1123 3847 1150 3898 p.
1163 3833 1228 3897 403;
1247 3831 1371 3884 Oorsenn

196 3932 224 3983 p·
243 3916 259 3966 3
279 3917 307 4065 ξι
321 3915 437 4050 §didam
459 3993 580 4063 ἐλεγείων
598 4001 617 4060 β
637 3995 727 4049 videri
751 3996 861 4049 novisse
880 3995 1074 4051 Schneidewin
1099 4001 1265 4068 comprobat
1292 4020 1319 4070 p.
1338 4003 1371 4055 41

194 4083 357 4152 (assentitur
381 4081 465 4135 Flach
486 4085 543 4134 not.
569 4083 593 4146 2,
618 4081 665 4148 qui
684 4084 779 4134 tamen
799 4082 871 4133 mira
897 4082 1041 4152 loquitur),
1069 4102 1125 4139 non
1150 4085 1259 4139 novisse
1285 4086 1375 4139 credit

202 4170 305 4321 cmii)
323 4252 366 4305 De
385 4269 449 4306 casu
468 4251 503 4305 cf.
521 4250 663 4305 Hillerum
680 4250 698 4305 l.
718 4268 741 4304 c.
760 4269 786 4320 p.
805 4252 864 4304 471.
