3036 4844
648 282 856 343 „36-

167 475 292 541 factum
314 475 441 558 esse¹)‚
471 460 536 558 quo
561 475 595 538 in
627 475 760 556 negotio
793 497 858 540 non
881 475 984 540 semel
1004 475 1099 539 illum
1122 474 1255 539 distichi
1277 475 1344 540 iam

169 607 268 671 supra
294 587 395 669 positi
424 586 649 650 immemorem
681 585 843 650 distichon
873 585 1027 651 inferiore
1050 585 1122 651 loco
1145 588 1265 651 iterum
1289 585 1343 651 de·

169 699 264 763 disse.

253 806 436 874 Veniamus
467 805 510 870 ad
539 808 670 872 tertiam
695 826 829 871 causam
852 805 895 870 ab
918 806 989 870 istis
1017 806 1191 889 prolatam.
1236 807 1345 872 Testi-

169 917 286 983 moniis
303 923 451 981 veterum
474 917 672 1000 scriptorum
690 917 821 980 elucere
844 913 959 979 dicunt
981 914 1108 980 alienos
1124 938 1195 982 esse
1211 940 1231 981 a
1246 924 1346 1000 poeta

168 1027 356 1111 Megarensi
386 1048 460 1092 cnm
490 1035 617 1092 ceteros
647 1048 758 1092 versus
788 1027 985 1107 amatorios,
1016 1033 1087 1091 turn
1116 1028 1258 1090 maxime
1290 1047 1345 1092 eos

169 1140 226 1222 qui
249 1139 333 1203 libro
350 1139 455 1203 altero
480 1141 712 1204 contineantur
724 1139 759 1221 ²).
792 1136 944 1222 Longam
962 1138 1047 1201 enim
1071 1139 1189 1202 seriem
1211 1138 1345 1201 testium

170 1250 248 1316 inde
269 1250 311 1314 ab
333 1256 468 1315 auctore
488 1249 567 1313 libri
590 1249 663 1333 περὶ
684 1247 848 1331 Θεόγνιδος
868 1253 901 1313 et
917 1249 1065 1313 Isocrate
1087 1270 1190 1331 usque
1213 1248 1257 1312 ad
1273 1247 1346 1313 Sui·

169 1361 244 1425 dam
259 1364 284 1440 ³)
305 1360 509 1442 producunt,
540 1359 628 1442 apud
659 1379 740 1442 quos
772 1359 828 1423 ubi
851 1359 1054 1441 Theognidis
1077 1358 1346 1424 commemoratio

169 1470 237 1550 fiat,
268 1471 465 1553 praesertim
487 1475 525 1533 ut
544 1470 606 1533 viri
626 1470 783 1553 sapientis
808 1475 841 1534 et
862 1472 978 1553 optimi
1000 1470 1086 1534 vitae
1110 1470 1347 1554 praeceptoris,

172 1583 220 1647 ita
240 1586 464 1664 comparatam
489 1602 577 1660 esse,
609 1585 646 1644 ut
666 1581 726 1645 illa
746 1601 826 1645 sane
848 1601 912 1646 non
935 1579 1056 1648 dicturi
1079 1579 1220 1662 fuerint,
1248 1582 1276 1644 si
1298 1581 1347 1645 di·

172 1692 280 1757 sticha
303 1691 470 1757 obscoena
491 1693 670 1757 novissent.
714 1692 855 1759 Maxime
877 1690 940 1757 hoc
963 1692 1180 1757 demonstrari
1201 1692 1348 1756 testimo-

169 1805 232 1868 niis
255 1804 421 1869 Athenaei
445 1810 477 1869 et
499 1803 637 1870 Stobaei
660 1805 731 1887 qui,
762 1803 923 1869 facultate
954 1801 1033 1867 data
1062 1822 1174 1866 versus
1204 1803 1348 1867 creticos

171 1913 339 1995 afferendi,
364 1922 493 1980 nostros
516 1936 581 1979 non
605 1916 717 1981 citent.
764 1914 857 1980 Haec
880 1935 954 1978 cum
975 1912 1092 1978 eadem
1112 1914 1165 1977 via
1187 1913 1230 1978 sit
1252 1935 1348 1996 argu-

169 2026 339 2090 mentandi
369 2047 435 2108 qua
465 2030 602 2090 utuntur
633 2027 689 2108 qni
718 2026 881 2109 syllogam
906 2026 1064 2089 maiorem
1093 2024 1181 2089 circa
1211 2024 1349 2090 Stobaei

170 2142 322 2219 tempora
344 2136 396 2200 vel
419 2143 535 2218 postea
560 2143 666 2200 ortam
690 2136 847 2227 credunt,
877 2136 927 2200 illi
945 2157 1006 2219 pro
1030 2156 1081 2200 me
1104 2135 1203 2200 verba
1224 2135 1349 2201 faciant

171 2246 227 2328 qui
244 2246 471 2310 collectionem
495 2247 599 2310 aetati
616 2245 853 2310 Alexandrinis
871 2246 1033 2328 superiori
1047 2245 1224 2311 vindicant.
1262 2247 1349 2314 Vide

174 2377 258 2438 quae
290 2361 513 2439 exposuerunt
543 2355 654 2420 Hiller
683 2355 794 2420 Jahrb.
814 2357 843 2438 f.
867 2356 949 2420 Phil.
971 2377 1002 2439 p.
1019 2360 1083 2420 468
1102 2379 1150 2439 sq.
1182 2364 1216 2423 et
1236 2359 1349 2442 Bergk

170 2488 202 2550 p.
219 2470 281 2531 315
304 2473 371 2532 not.
391 2471 441 2531 71.
478 2465 549 2531 Nos
571 2487 679 2549 pauca
701 2467 872 2533 addamus.
912 2465 1138 2549 Scriptoribus
1158 2470 1348 2536 recentibus

170 2599 206 2642 re
225 2598 307 2642 <vera
330 2598 395 2641 non
414 2577 478 2640 nisi
495 2575 616 2641 librum
631 2577 775 2660 primum
798 2583 932 2661 praesto
949 2575 1050 2642 fuisse
1074 2579 1299 2643 existimamus
1316 2584 1350 2645 et

172 2708 242 2751 rem
258 2687 306 2752 ita
322 2694 433 2752 actam
452 2708 524 2752 esse
538 2688 648 2752 animo
664 2687 760 2752 nobis
773 2688 1004 2753 informamus:
1023 2688 1150 2773 sylloge
1166 2688 1208 2752 ab
1219 2688 1350 2755 homine

171 2799 283 2881 ignoto
297 2798 448 2864 confecta
458 2796 618 2862 librorum
631 2797 773 2863 duorum
790 2819 863 2863 cum
875 2797 1055 2863 identidem
1069 2798 1237 2882 descripta
1253 2807 1350 2883 esset,

172 2910 338 2992 quendam
350 2909 390 2973 de
409 2909 828 2993 causaperspicualibrum
846 2911 1046 2992 demisisse3
1064 2909 1142 2975 inde
1162 2909 1227 2975 duo
1241 2934 1349 2978 exem·

164 3021 228 3102 pla
240 3019 456 3088 describendo
467 3026 653 3103 propagata
666 3041 748 3101 esse,
760 3041 860 3084 unum
874 3020 1017 3103 ἐλεγείων
1030 3045 1051 3084 α
1062 3021 1169 3085 solum
1183 3023 1350 3105 exhibens,

170 3131 312 3197 alterum
326 3130 431 3196 libros
447 3156 469 3195 α
485 3138 517 3195 et
534 3135 563 3214 β.
605 3131 691 3211 Ηοε,
715 3137 752 3195 ut
772 3137 893 3196 natura
909 3133 1069 3197 materiae
1084 3131 1220 3211 ferebat,
1246 3134 1350 3215 magis

171 3243 343 3324 magisque
366 3243 537 3306 evanuisse
561 3247 594 3304 et
617 3261 707 3305 mero
732 3263 810 3305 casu
835 3240 930 3307 nobis
952 3263 1053 3306 unum
1077 3242 1260 3325 exemplum
1284 3265 1351 3309 ser·

170 3359 291 3431 vatum,
312 3350 384 3416 cod.
401 3351 621 3415 Mutinensem
631 3351 666 3429 ⁴).
703 3349 830 3416 Oontra
852 3352 981 3435 priores
999 3359 1037 3418 ut
1049 3352 1234 3418 Isocratem
1254 3353 1349 3436 alios,

171 3463 229 3546 qui
246 3460 471 3544 Theognidem
489 3462 653 3542 integrum
668 3460 838 3526 habebant
860 3468 919 3528 aut
940 3463 1149 3547 anthologias
1168 3465 1350 3529 carminum

258 3648 279 3716 ¹)
299 3646 340 3701 cf.
358 3647 453 3718 Bergk
471 3646 704 3716 Litcroturpeacb.
723 3645 756 3700 ΙΙ
774 3665 800 3716 p.
819 3650 880 3703 314.

256 3734 280 3801 ¹)
298 3732 371 3787 Sunt
381 3732 424 3784 hi:
444 3730 575 3785 Welcker
585 3750 612 3800 p.
625 3730 725 3786 LXXI
742 3749 817 3800 sqq.;
836 3733 984 3789 Nietzsche
995 3754 1022 3805 p.
1038 3738 1086 3789 180
1095 3752 1170 3806 sqq.·,
1183 3735 1220 3790 H.
1235 3736 1351 3791 Schnei-

171 3819 263 3875 dewin
280 3837 307 3888 p.
325 3821 373 3884 40;
392 3817 493 3872 Sitzler
510 3836 537 3886 p.
555 3818 671 3884 20-223
691 3817 780 3872 Oouat
797 3838 824 3888 p.
837 3822 889 3873 270
901 3838 975 3888 sqq.;
996 3820 1084 3874 Flach
1102 3839 1129 3890 p.
1142 3825 1207 3889 4033
1227 3822 1352 3876 Oorsenn

174 3924 202 3975 p.
221 3908 237 3959 3
257 3909 286 4058 l}
300 3907 415 4044 abidam
438 3986 559 4055 ἐλεγείων
576 3993 596 4052 β
616 3989 706 4042 videri
730 3990 839 4043 novisse
858 3987 1053 4044 Schneidewin
1077 3992 1245 4061 comprobat
1271 4011 1299 4062 p.
1318 3995 1352 4046 41

172 4076 335 4144 (assentitur
359 4075 444 4128 Flach
465 4077 522 4126 not.
547 4076 571 4139 2,
596 4074 645 4141 qui
662 4078 757 4127 tamen
778 4075 850 4127 mira
875 4075 1020 4145 loquitur),
1048 4094 1104 4131 non
1129 4077 1239 4131 novisse
1264 4077 1355 4131 credit

180 4162 283 4313 00118ιῖ)
302 4244 345 4297 De
364 4261 428 4297 casu
447 4244 481 4297 cf.
500 4243 641 4297 Hillerum
659 4245 677 4298 l.
696 4261 720 4297 c.
739 4262 765 4312 p.
784 4245 843 4297 471.
