3036 4844
627 289 839 348 ,61-

144 501 252 562 cansa,
276 500 349 545 cnm
373 479 452 544 olim
479 484 650 544 exaratum
675 478 775 544 fuerit
791 478 867 561 μέν,
898 484 933 544 et
957 501 1006 545 vv.
1038 483 1189 545 97-100
1223 500 1323 563 copu-

142 591 262 657 landos
285 610 356 656 esse
387 610 462 654 cum
487 591 692 676 praegressis
702 591 742 676 ²),
772 598 811 656 ut
840 590 904 655 sibi
934 592 1158 675 respondeant
1186 599 1326 668 τοιοῦτος

142 701 200 784 μὲν
214 700 337 784 ἑταῖρος
358 707 392 767 et
412 699 485 766 ἀλλ’
506 700 555 788 εἴη
577 705 725 778 τοιοῦτος.
756 739 799 750 -
828 700 899 767 Uno
930 702 1028 768 verbo
1059 725 1211 769 moneam
1234 701 1324 786 apud
1422 757 1424 762 .

144 812 300 881 Solonem
323 817 407 895 27,9
428 813 609 895 Bergkium
628 813 715 877 mala
737 813 928 879 coniectura
951 815 1122 896 scripsisse
1145 810 1240 899 ciploo
1262 834 1323 898 pro

145 924 288 1007 eoquod
308 946 419 989 verum
439 930 490 990 est
513 920 608 1008 ὥριον
620 927 657 1003 2).

228 1070 332 1153 Apud
355 1070 603 1135 Alexandrinos
625 1070 708 1136 haec
731 1057 882 1155 exempla
904 1071 1124 1153 correptionis
1146 1069 1322 1134 habemus:

144 1234 255 1319 Anyte
279 1240 307 1316 1,
332 1239 351 1299 3
375 1236 431 1318 (A.
469 1235 508 1301 P.
539 1234 612 1304 VII
641 1240 733 1318 646):
757 1227 785 1300 ὦ
806 1238 916 1322 πάτερ,
940 1236 978 1302 οὔ
997 1259 1045 1301 τοι
1067 1231 1111 1299 ἔτ’
1131 1229 1206 1314 εἰμι’,
1226 1232 1326 1314 μέλας

761 1345 867 1429 δ’ἒμόν
888 1345 978 1430 ὄμμα
997 1346 1151 1412 καλύπτει

145 1457 216 1522 ead.
240 1459 290 1539 14,
313 1460 331 1520 3
356 1456 445 1542 (VII
467 1462 558 1538 tab:
581 1455 663 1522 sato
683 1458 778 1525 καλόν
797 1483 846 1525 τοι
867 1456 1326 1543 &secundamseculndam

756 1567 856 1635 αἐίδει

144 1675 264 1744 Nossis
284 1682 345 1761 6,1
368 1676 540 1763 (V1275):
569 1680 732 1764 χαίροισάν
760 1702 808 1745 τοι
830 1679 911 1744 ἔοικε
930 1687 1029 1762 κομᾶν
1050 1677 1117 1744 ἄπο
1137 1679 1194 1743 τᾶν
1213 1677 1326 1763 Ἀφρο-

760 1789 857 1855 δίταν.

144 1947 218 2014 Has
247 1952 393 2033 poetriae
420 1972 494 2016 cum
528 1952 562 2016 in
592 1953 760 2034 particula
781 1957 830 2017 rol
860 1953 965 2034 magis
998 1951 1199 2015 homericum
1230 1969 1325 2012 usum

146 2066 276 2125 secutas
299 2063 475 2128 verisimile
498 2063 550 2144 sit,
576 2065 666 2127 omni
684 2066 867 2129 mutatione
891 2061 1123 2128 abstinendum
1146 2065 1238 2144 puto.

230 2197 380 2280 Elegiaci
399 2198 501 2279 igitur
523 2199 727 2282 antiquiores
746 2199 873 2264 hiatum
895 2200 988 2264 illum
1010 2199 1215 2264 trochaicum
1229 2195 1326 2278 pedis

146 2310 279 2374 secundi
301 2309 476 2392 fugerunt3
499 2331 566 2392 qua
589 2331 624 2374 re
648 2309 836 2392 discrepant
857 2309 899 2374 ab
923 2332 1021 2376 versu
1043 2309 1221 2374 homerico.
1258 2304 1326 2373 Sed

144 2419 211 2482 iam
235 2419 291 2484 diu
309 2420 516 2485 observatum
541 2428 591 2486 est
614 2420 839 2487 condicionem
860 2422 1043 2486 hexametri
1066 2420 1204 2502 elegiaci
1226 2418 1326 2483 aliam

146 2550 217 2595 esse
237 2535 336 2614 atque
358 2531 561 2611 homerioiss),
584 2531 672 2614 quod
695 2553 733 2597 eo
755 2532 965 2598 referendum
996 2538 1046 2597 est
1077 2531 1167 2614 quod
1198 2531 1326 2612 elegiae

147 2641 302 2723 primitus
337 2643 379 2706 ad
412 2643 569 2708 tibiarum
603 2662 720 2706 sonum
753 2643 958 2708 canebantur
969 2645 1008 2729 4).
1065 2641 1183 2707 Tibiae
1217 2647 1327 2706 autern

145 2772 224 2816 usus
240 2773 350 2818 secum
363 2754 495 2819 ferebat
509 2754 668 2818 maiorem
686 2755 900 2819 severitatem.
933 2754 1058 2820 Postea
1078 2758 1188 2817 autem
1205 2752 1327 2833 elegiae

146 2865 251 2945 magis
273 2865 444 2948 magisque
468 2866 502 2928 in
524 2884 620 2928 usum
642 2862 824 2943 legentium
848 2864 948 2929 scribi
971 2870 1112 2947 coeptae
1134 2868 1224 2941 sunt3
1259 2882 1327 2926 non

146 2974 230 3039 mira
254 2975 357 3058 igitur
385 2974 446 3039 illa
474 2973 782 3039 Alexandrinorum
817 2974 952 3039 licentia
982 2975 1025 3040 ad
1055 2972 1326 3038 consuetudinem

146 3082 347 3151 homericam
371 3084 513 3150 rediens.
557 3085 610 3151 Eo
633 3085 737 3168 magis
769 3105 902 3148 carmen
925 3085 1069 3170 syllogae
1090 3082 1327 3165 Theognideae

145 3197 295 3260 457-60
318 3197 420 3262 aetati
444 3196 594 3262 inferiori
616 3195 805 3261 adscribere
827 3197 914 3261 licet.

231 3307 403 3389 Ambigua
421 3314 532 3372 autern
550 3328 603 3372 res
623 3313 674 3373 est
688 3306 728 3372 de
752 3309 961 3391 correptione
982 3308 1147 3373 vocalium
1169 3307 1204 3371 in
1220 3305 1327 3370 altera

145 3415 234 3482 thesi
257 3417 394 3482 secundi
415 3418 521 3502 pedis.
558 3418 627 3484 Hic
650 3420 737 3484 enim
755 3419 811 3484 illa
826 3419 926 3484 etiam
948 3420 983 3484 in
1007 3417 1211 3502 Theognidis
1232 3423 1328 3502 parte

146 3526 181 3591 A
203 3529 366 3595 invenitur
384 3551 413 3593 v.
427 3534 507 3594 321:

232 3663 262 3730 εἰ
284 3664 319 3729 δὲ
339 3663 419 3743 θεὸς
436 3669 520 3750 κακῷ
543 3664 633 3752 ἀνδρὶ
651 3671 720 3750 βίον
741 3668 793 3731 rori
810 3668 948 3731 πλοῦτον
968 3663 1099 3751 ὀπάσσῃ.

146 3821 352 3832 -—

161 3944 164 3949 ¹
234 3920 256 3988 ¹)
274 3919 315 3973 Ut
332 3934 423 3987 nuper
441 3918 536 3972 Hiller
553 3919 621 3973 fecit
638 3919 668 3972 in
685 3919 803 3977 Anthol.
821 3921 916 3988 lyrica.

232 4005 257 4075 ¹)
275 4005 380 4060 Kaibel
398 4023 425 4074 p.
439 4004 467 4060 V
485 4009 543 4060 not.
558 4007 580 4060 1.

233 4089 256 4160 ⁸)
274 4089 413 4145 Naturam
435 4092 566 4160 legesque
589 4091 673 4145 metri
691 4091 807 4161 elegiaci
818 4090 890 4144 bene
908 4090 1036 4158 exposuit
1052 4089 1168 4158 Langen
1186 4088 1216 4141 in
1232 4087 1329 4142 libello

146 4175 257 4245 saepius
275 4193 292 4229 a
309 4176 393 4230 nobis
409 4176 523 4231 laudato
542 4194 567 4245 q.
587 4179 604 4232 i.
620 4176 666 4231 ‘de
684 4176 804 4231 disticho
823 4177 994 4231 Graecorum
1012 4172 1151 4244 elegiaco'.

233 4261 255 4332 ⁴)
274 4260 316 4316 Of.
336 4260 433 4315 Christ
453 4261 579 4316 Metrilr¹
596 4263 612 4333 ξ
630 4265 682 4316 250
699 4266 728 4317 et
744 4264 810 4330 2513
828 4260 938 4315 Usener
962 4258 1083 4315 Versbou
1099 4277 1126 4329 p.
1142 4261 1191 4314 11⁷
1200 4277 1260 4329 sqq.
