<?xml version="1.0" encoding="UTF-8"?>
<!DOCTYPE html PUBLIC "-//W3C//DTD XHTML 1.0 Transitional//EN"
    "http://www.w3.org/TR/xhtml1/DTD/xhtml1-transitional.dtd">
<html xmlns="http://www.w3.org/1999/xhtml" xml:lang="en" lang="en">
 <head>
  <title>
</title>
<meta http-equiv="Content-Type" content="text/html;charset=utf-8" />
  <meta name='ocr-system' content='tesseract 3.04.00' />
  <meta name='ocr-capabilities' content='ocr_page ocr_carea ocr_par ocr_line ocrx_word'/>
</head>
<body>
  <div class='ocr_page' id='page_1' title='image "./studiatheognide00lucagoog_0126.png"; bbox 0 0 3036 4844; ppageno 0'>
   <div class='ocr_carea' id='block_1_1' title="bbox 593 260 812 321">
    <p class='ocr_par' dir='ltr' id='par_1_1' title="bbox 593 260 812 321">
     <span class='ocr_line' id='line_1_1' title="bbox 593 260 812 321; baseline -0.023 0"><span class='ocrx_word' id='word_1_1' title='bbox 593 260 812 321; x_wconf 53' lang='lat' dir='ltr'>-1e†</span> 
     </span>
    </p>
   </div>
   <div class='ocr_carea' id='block_1_2' title="bbox 109 450 1288 2269">
    <p class='ocr_par' dir='ltr' id='par_1_2' title="bbox 109 450 1288 2269">
     <span class='ocr_line' id='line_1_2' title="bbox 114 450 1288 538; baseline 0.004 -22"><span class='ocrx_word' id='word_1_2' title='bbox 114 469 154 517; x_wconf 90' lang='lat' dir='ltr'>eo</span> <span class='ocrx_word' id='word_1_3' title='bbox 177 450 321 517; x_wconf 87' lang='lat' dir='ltr'>maxime</span> <span class='ocrx_word' id='word_1_4' title='bbox 344 451 625 532; x_wconf 75' lang='lat' dir='ltr'>commendantur,</span> <span class='ocrx_word' id='word_1_5' title='bbox 661 452 749 532; x_wconf 89' lang='lat' dir='ltr'>quod</span> <span class='ocrx_word' id='word_1_6' title='bbox 771 452 835 518; x_wconf 86' lang='lat' dir='ltr'>hoc</span> <span class='ocrx_word' id='word_1_7' title='bbox 857 452 954 519; x_wconf 92' lang='lat' dir='ltr'>modo</span> <span class='ocrx_word' id='word_1_8' title='bbox 977 452 1007 518; x_wconf 89' lang='lat' dir='ltr'>si</span> <span class='ocrx_word' id='word_1_9' title='bbox 1028 471 1163 520; x_wconf 86' lang='lat' dir='ltr'>versum</span> <span class='ocrx_word' id='word_1_10' title='bbox 1186 454 1288 538; x_wconf 91' lang='lat' dir='ltr'>scrip·</span> 
     </span>
     <span class='ocr_line' id='line_1_3' title="bbox 113 565 1287 649; baseline 0.004 -18"><span class='ocrx_word' id='word_1_11' title='bbox 113 567 263 648; x_wconf 78' lang='lat' dir='ltr'>serimus,</span> <span class='ocrx_word' id='word_1_12' title='bbox 291 566 456 649; x_wconf 77' lang='lat' dir='ltr'>Theognis</span> <span class='ocrx_word' id='word_1_13' title='bbox 480 565 657 648; x_wconf 88' lang='lat' dir='ltr'>spondiaco</span> <span class='ocrx_word' id='word_1_14' title='bbox 681 567 842 633; x_wconf 91' lang='lat' dir='ltr'>vocabulo</span> <span class='ocrx_word' id='word_1_15' title='bbox 877 567 912 633; x_wconf 92' lang='lat' dir='ltr'>in</span> <span class='ocrx_word' id='word_1_16' title='bbox 946 567 1023 634; x_wconf 89' lang='lat' dir='ltr'>sede</span> <span class='ocrx_word' id='word_1_17' title='bbox 1057 575 1177 649; x_wconf 86' lang='lat' dir='ltr'>quarta</span> <span class='ocrx_word' id='word_1_18' title='bbox 1210 575 1287 637; x_wconf 92' lang='lat' dir='ltr'>ante</span> 
     </span>
     <span class='ocr_line' id='line_1_4' title="bbox 112 682 1287 752; baseline 0.003 -4"><span class='ocrx_word' id='word_1_19' title='bbox 112 700 286 748; x_wconf 89' lang='lat' dir='ltr'>caesuram</span> <span class='ocrx_word' id='word_1_20' title='bbox 313 682 497 748; x_wconf 89' lang='lat' dir='ltr'>bucolicam</span> <span class='ocrx_word' id='word_1_21' title='bbox 531 683 701 748; x_wconf 88' lang='lat' dir='ltr'>liberatur.</span> <span class='ocrx_word' id='word_1_22' title='bbox 770 684 873 749; x_wconf 85' lang='lat' dir='ltr'>Recte</span> <span class='ocrx_word' id='word_1_23' title='bbox 908 683 995 750; x_wconf 92' lang='lat' dir='ltr'>enim</span> <span class='ocrx_word' id='word_1_24' title='bbox 1028 683 1062 749; x_wconf 92' lang='lat' dir='ltr'>in</span> <span class='ocrx_word' id='word_1_25' title='bbox 1096 685 1287 752; x_wconf 88' lang='lat' dir='ltr'>universum</span> 
     </span>
     <span class='ocr_line' id='line_1_5' title="bbox 112 797 1286 881; baseline 0.004 -18"><span class='ocrx_word' id='word_1_26' title='bbox 112 800 157 863; x_wconf 92' lang='grc' dir='ltr'>Η.</span> <span class='ocrx_word' id='word_1_27' title='bbox 174 798 314 878; x_wconf 79' lang='lat' dir='ltr'>Usener,</span> <span class='ocrx_word' id='word_1_28' title='bbox 337 797 390 863; x_wconf 87' lang='lat' dir='ltr'>vir</span> <span class='ocrx_word' id='word_1_29' title='bbox 413 798 634 880; x_wconf 87' lang='lat' dir='ltr'>doctissimus,</span> <span class='ocrx_word' id='word_1_30' title='bbox 657 800 725 864; x_wconf 87' lang='lat' dir='ltr'>tale</span> <span class='ocrx_word' id='word_1_31' title='bbox 740 801 938 866; x_wconf 85' lang='lat' dir='ltr'>vocabulum</span> <span class='ocrx_word' id='word_1_32' title='bbox 961 799 1045 881; x_wconf 90' lang='lat' dir='ltr'>pede</span> <span class='ocrx_word' id='word_1_33' title='bbox 1068 806 1186 881; x_wconf 89' lang='lat' dir='ltr'>quarto</span> <span class='ocrx_word' id='word_1_34' title='bbox 1210 807 1286 869; x_wconf 87' lang='lat' dir='ltr'>ante</span> 
     </span>
     <span class='ocr_line' id='line_1_6' title="bbox 112 912 1286 999; baseline 0.004 -20"><span class='ocrx_word' id='word_1_35' title='bbox 112 931 286 981; x_wconf 87' lang='lat' dir='ltr'>caesuram</span> <span class='ocrx_word' id='word_1_36' title='bbox 309 912 494 979; x_wconf 78' lang='lat' dir='ltr'>bucolicum</span> <span class='ocrx_word' id='word_1_37' title='bbox 511 914 710 980; x_wconf 88' lang='lat' dir='ltr'>collocatum</span> <span class='ocrx_word' id='word_1_38' title='bbox 732 915 775 980; x_wconf 91' lang='lat' dir='ltr'>ab</span> <span class='ocrx_word' id='word_1_39' title='bbox 792 919 864 980; x_wconf 87' lang='lat' dir='ltr'>arte</span> <span class='ocrx_word' id='word_1_40' title='bbox 881 915 1093 999; x_wconf 78' lang='lat' dir='ltr'>Theognidea</span> <span class='ocrx_word' id='word_1_41' title='bbox 1109 917 1286 985; x_wconf 89' lang='lat' dir='ltr'>abhorrere</span> 
     </span>
     <span class='ocr_line' id='line_1_7' title="bbox 111 1028 1284 1111; baseline 0.004 -16"><span class='ocrx_word' id='word_1_42' title='bbox 111 1029 232 1096; x_wconf 90' lang='lat' dir='ltr'>docuit.</span> <span class='ocrx_word' id='word_1_43' title='bbox 279 1028 531 1096; x_wconf 83' lang='lat' dir='ltr'>Ooucedendum</span> <span class='ocrx_word' id='word_1_44' title='bbox 554 1029 637 1096; x_wconf 92' lang='lat' dir='ltr'>illud</span> <span class='ocrx_word' id='word_1_45' title='bbox 661 1029 792 1111; x_wconf 88' lang='lat' dir='ltr'>quidem</span> <span class='ocrx_word' id='word_1_46' title='bbox 817 1034 868 1096; x_wconf 89' lang='lat' dir='ltr'>ost</span> <span class='ocrx_word' id='word_1_47' title='bbox 887 1031 1075 1098; x_wconf 83' lang='lat' dir='ltr'>Godofredo</span> <span class='ocrx_word' id='word_1_48' title='bbox 1092 1033 1284 1100; x_wconf 88' lang='lat' dir='ltr'>Hermanno</span> 
     </span>
     <span class='ocr_line' id='line_1_8' title="bbox 112 1145 1286 1231; baseline 0.003 -19"><span class='ocrx_word' id='word_1_49' title='bbox 112 1145 168 1229; x_wconf 88' lang='lat' dir='ltr'>(ad</span> <span class='ocrx_word' id='word_1_50' title='bbox 192 1145 338 1227; x_wconf 79' lang='lat' dir='ltr'>Orphica</span> <span class='ocrx_word' id='word_1_51' title='bbox 360 1166 392 1227; x_wconf 91' lang='lat' dir='ltr'>p.</span> <span class='ocrx_word' id='word_1_52' title='bbox 418 1145 495 1230; x_wconf 84' lang='lat'><strong>730)</strong></span> <span class='ocrx_word' id='word_1_53' title='bbox 521 1164 562 1212; x_wconf 82' lang='lat' dir='ltr'>ex</span> <span class='ocrx_word' id='word_1_54' title='bbox 596 1145 742 1212; x_wconf 78' lang='lat' dir='ltr'>metricis</span> <span class='ocrx_word' id='word_1_55' title='bbox 776 1145 1070 1227; x_wconf 76' lang='lat' dir='ltr'>observationibus</span> <span class='ocrx_word' id='word_1_56' title='bbox 1106 1167 1192 1229; x_wconf 87' lang='lat' dir='ltr'>quae</span> <span class='ocrx_word' id='word_1_57' title='bbox 1226 1168 1286 1231; x_wconf 88' lang='lat' dir='ltr'>por</span> 
     </span>
     <span class='ocr_line' id='line_1_9' title="bbox 111 1260 1284 1345; baseline 0.004 -19"><span class='ocrx_word' id='word_1_58' title='bbox 111 1279 148 1326; x_wconf 87' lang='lat' dir='ltr'>se</span> <span class='ocrx_word' id='word_1_59' title='bbox 170 1261 261 1327; x_wconf 87' lang='lat' dir='ltr'>leves</span> <span class='ocrx_word' id='word_1_60' title='bbox 284 1267 318 1326; x_wconf 92' lang='lat' dir='ltr'>et</span> <span class='ocrx_word' id='word_1_61' title='bbox 340 1260 436 1344; x_wconf 84' lang='lat' dir='ltr'>parvi</span> <span class='ocrx_word' id='word_1_62' title='bbox 460 1261 617 1328; x_wconf 75' lang='lat' dir='ltr'>momenti</span> <span class='ocrx_word' id='word_1_63' title='bbox 651 1261 731 1343; x_wconf 89' lang='lat' dir='ltr'>sint,</span> <span class='ocrx_word' id='word_1_64' title='bbox 766 1280 922 1345; x_wconf 82' lang='lat' dir='ltr'>magnum</span> <span class='ocrx_word' id='word_1_65' title='bbox 957 1263 1120 1344; x_wconf 89' lang='lat' dir='ltr'>quendam</span> <span class='ocrx_word' id='word_1_66' title='bbox 1142 1263 1284 1330; x_wconf 81' lang='lat' dir='ltr'>fructum</span> 
     </span>
     <span class='ocr_line' id='line_1_10' title="bbox 110 1375 1284 1462; baseline 0.005 -21"><span class='ocrx_word' id='word_1_67' title='bbox 110 1375 235 1460; x_wconf 89' lang='lat' dir='ltr'>percipi</span> <span class='ocrx_word' id='word_1_68' title='bbox 258 1395 356 1460; x_wconf 89' lang='lat' dir='ltr'>posse</span> <span class='ocrx_word' id='word_1_69' title='bbox 379 1377 463 1443; x_wconf 89' lang='lat' dir='ltr'>etsi</span> <span class='ocrx_word' id='word_1_70' title='bbox 486 1377 520 1442; x_wconf 90' lang='lat' dir='ltr'>in</span> <span class='ocrx_word' id='word_1_71' title='bbox 543 1377 615 1443; x_wconf 90' lang='lat' dir='ltr'>loco</span> <span class='ocrx_word' id='word_1_72' title='bbox 639 1378 681 1445; x_wconf 94' lang='lat' dir='ltr'>ob</span> <span class='ocrx_word' id='word_1_73' title='bbox 704 1396 840 1462; x_wconf 87' lang='lat' dir='ltr'>gravem</span> <span class='ocrx_word' id='word_1_74' title='bbox 862 1395 998 1444; x_wconf 89' lang='lat' dir='ltr'>causam</span> <span class='ocrx_word' id='word_1_75' title='bbox 1014 1384 1166 1461; x_wconf 87' lang='lat' dir='ltr'>suspecto</span> <span class='ocrx_word' id='word_1_76' title='bbox 1184 1380 1284 1447; x_wconf 89' lang='lat' dir='ltr'>etiam</span> 
     </span>
     <span class='ocr_line' id='line_1_11' title="bbox 109 1492 1284 1576; baseline 0.003 -18"><span class='ocrx_word' id='word_1_77' title='bbox 109 1510 266 1558; x_wconf 88' lang='lat' dir='ltr'>numerus</span> <span class='ocrx_word' id='word_1_78' title='bbox 290 1510 311 1558; x_wconf 89' lang='lat' dir='ltr'>a</span> <span class='ocrx_word' id='word_1_79' title='bbox 333 1493 480 1576; x_wconf 85' lang='lat' dir='ltr'>legitimo</span> <span class='ocrx_word' id='word_1_80' title='bbox 504 1511 567 1558; x_wconf 88' lang='lat' dir='ltr'>usu</span> <span class='ocrx_word' id='word_1_81' title='bbox 590 1492 717 1559; x_wconf 89' lang='lat' dir='ltr'>alienus</span> <span class='ocrx_word' id='word_1_82' title='bbox 740 1493 940 1574; x_wconf 89' lang='lat' dir='ltr'>reperiatur,</span> <span class='ocrx_word' id='word_1_83' title='bbox 975 1493 1052 1559; x_wconf 90' lang='lat' dir='ltr'>huic</span> <span class='ocrx_word' id='word_1_84' title='bbox 1079 1512 1208 1576; x_wconf 90' lang='lat' dir='ltr'>quoque</span> <span class='ocrx_word' id='word_1_85' title='bbox 1231 1513 1284 1561; x_wconf 93' lang='lat' dir='ltr'>ar·</span> 
     </span>
     <span class='ocr_line' id='line_1_12' title="bbox 109 1608 1283 1692; baseline 0.003 -18"><span class='ocrx_word' id='word_1_86' title='bbox 109 1614 265 1692; x_wconf 80' lang='lat' dir='ltr'>gumento</span> <span class='ocrx_word' id='word_1_87' title='bbox 289 1609 413 1690; x_wconf 90' lang='lat' dir='ltr'>aliquid</span> <span class='ocrx_word' id='word_1_88' title='bbox 434 1608 643 1675; x_wconf 90' lang='lat' dir='ltr'>tribuendum</span> <span class='ocrx_word' id='word_1_89' title='bbox 659 1627 746 1690; x_wconf 83' lang='lat' dir='ltr'>esse3</span> <span class='ocrx_word' id='word_1_90' title='bbox 771 1608 830 1675; x_wconf 92' lang='lat' dir='ltr'>sed</span> <span class='ocrx_word' id='word_1_91' title='bbox 846 1627 920 1676; x_wconf 89' lang='lat' dir='ltr'>cum</span> <span class='ocrx_word' id='word_1_92' title='bbox 937 1608 1137 1689; x_wconf 83' lang='lat' dir='ltr'>hexameter,</span> <span class='ocrx_word' id='word_1_93' title='bbox 1162 1611 1203 1676; x_wconf 92' lang='lat' dir='ltr'>do</span> <span class='ocrx_word' id='word_1_94' title='bbox 1218 1630 1283 1692; x_wconf 92' lang='lat' dir='ltr'>quo</span> 
     </span>
     <span class='ocr_line' id='line_1_13' title="bbox 110 1724 1284 1807; baseline 0.003 -18"><span class='ocrx_word' id='word_1_95' title='bbox 110 1724 263 1806; x_wconf 75' lang='lat' dir='ltr'>dicimur,</span> <span class='ocrx_word' id='word_1_96' title='bbox 303 1724 379 1792; x_wconf 89' lang='lat' dir='ltr'>aliis</span> <span class='ocrx_word' id='word_1_97' title='bbox 413 1724 653 1806; x_wconf 77' lang='lat' dir='ltr'>suspicionibus</span> <span class='ocrx_word' id='word_1_98' title='bbox 689 1725 819 1791; x_wconf 91' lang='lat' dir='ltr'>omnino</span> <span class='ocrx_word' id='word_1_99' title='bbox 855 1729 978 1807; x_wconf 86' lang='lat' dir='ltr'>careat,</span> <span class='ocrx_word' id='word_1_100' title='bbox 1013 1725 1198 1792; x_wconf 89' lang='lat' dir='ltr'>mirandum</span> <span class='ocrx_word' id='word_1_101' title='bbox 1233 1731 1284 1793; x_wconf 91' lang='lat' dir='ltr'>est</span> 
     </span>
     <span class='ocr_line' id='line_1_14' title="bbox 109 1839 1283 1923; baseline 0.003 -18"><span class='ocrx_word' id='word_1_102' title='bbox 109 1841 218 1907; x_wconf 88' lang='lat' dir='ltr'>virum</span> <span class='ocrx_word' id='word_1_103' title='bbox 241 1840 420 1923; x_wconf 90' lang='lat' dir='ltr'>prinoipem</span> <span class='ocrx_word' id='word_1_104' title='bbox 444 1841 539 1907; x_wconf 94' lang='lat' dir='ltr'>illum</span> <span class='ocrx_word' id='word_1_105' title='bbox 563 1839 751 1906; x_wconf 89' lang='lat' dir='ltr'>criticorum</span> <span class='ocrx_word' id='word_1_106' title='bbox 774 1858 816 1905; x_wconf 83' lang='lat' dir='ltr'>ex</span> <span class='ocrx_word' id='word_1_107' title='bbox 839 1857 889 1920; x_wconf 88' lang='lat' dir='ltr'>eo,</span> <span class='ocrx_word' id='word_1_108' title='bbox 913 1840 1088 1922; x_wconf 86' lang='lat' dir='ltr'>quodque</span> <span class='ocrx_word' id='word_1_109' title='bbox 1112 1842 1184 1907; x_wconf 92' lang='lat' dir='ltr'>loco</span> <span class='ocrx_word' id='word_1_110' title='bbox 1208 1860 1283 1908; x_wconf 88' lang='lat' dir='ltr'>cac·</span> 
     </span>
     <span class='ocr_line' id='line_1_15' title="bbox 112 1954 1283 2039; baseline 0.002 -19"><span class='ocrx_word' id='word_1_111' title='bbox 112 1972 190 2020; x_wconf 89' lang='lat' dir='ltr'>sura</span> <span class='ocrx_word' id='word_1_112' title='bbox 212 1961 264 2021; x_wconf 89' lang='lat' dir='ltr'>est</span> <span class='ocrx_word' id='word_1_113' title='bbox 286 1955 320 2021; x_wconf 94' lang='lat' dir='ltr'>in</span> <span class='ocrx_word' id='word_1_114' title='bbox 342 1954 406 2020; x_wconf 90' lang='lat' dir='ltr'>fine</span> <span class='ocrx_word' id='word_1_115' title='bbox 430 1954 540 2036; x_wconf 92' lang='lat' dir='ltr'>quarti</span> <span class='ocrx_word' id='word_1_116' title='bbox 563 1955 667 2038; x_wconf 75' lang='lat' dir='ltr'>pedis</span> <span class='ocrx_word' id='word_1_117' title='bbox 692 1954 859 2038; x_wconf 83' lang='lat' dir='ltr'>dactylum</span> <span class='ocrx_word' id='word_1_118' title='bbox 883 1955 1028 2037; x_wconf 89' lang='lat' dir='ltr'>spondeo</span> <span class='ocrx_word' id='word_1_119' title='bbox 1044 1975 1109 2022; x_wconf 96' lang='lat' dir='ltr'>non</span> <span class='ocrx_word' id='word_1_120' title='bbox 1124 1957 1283 2039; x_wconf 88' lang='lat' dir='ltr'>praetulit</span> 
     </span>
     <span class='ocr_line' id='line_1_16' title="bbox 112 2070 1284 2153; baseline 0.001 -17"><span class='ocrx_word' id='word_1_121' title='bbox 112 2076 218 2153; x_wconf 88' lang='lat' dir='ltr'>poeta,</span> <span class='ocrx_word' id='word_1_122' title='bbox 242 2071 503 2137; x_wconf 89' lang='lat' dir='ltr'>emendationem</span> <span class='ocrx_word' id='word_1_123' title='bbox 519 2070 704 2139; x_wconf 81' lang='lat' dir='ltr'>faciendam</span> <span class='ocrx_word' id='word_1_124' title='bbox 721 2088 794 2136; x_wconf 89' lang='lat' dir='ltr'>esso</span> <span class='ocrx_word' id='word_1_125' title='bbox 810 2088 885 2135; x_wconf 92' lang='lat' dir='ltr'>cum</span> <span class='ocrx_word' id='word_1_126' title='bbox 901 2076 1059 2152; x_wconf 88' lang='lat' dir='ltr'>censeret,</span> <span class='ocrx_word' id='word_1_127' title='bbox 1076 2072 1284 2139; x_wconf 87' lang='lat' dir='ltr'>Brunckium</span> 
     </span>
     <span class='ocr_line' id='line_1_17' title="bbox 115 2185 1078 2269; baseline 0.004 -20"><span class='ocrx_word' id='word_1_128' title='bbox 115 2192 259 2253; x_wconf 88' lang='lat' dir='ltr'>secutum</span> <span class='ocrx_word' id='word_1_129' title='bbox 282 2206 366 2269; x_wconf 88' lang='lat' dir='ltr'>esso,</span> <span class='ocrx_word' id='word_1_130' title='bbox 390 2186 446 2268; x_wconf 94' lang='lat' dir='ltr'>qui</span> <span class='ocrx_word' id='word_1_131' title='bbox 468 2186 594 2269; x_wconf 88' lang='lat' dir='ltr'>primus</span> <span class='ocrx_word' id='word_1_132' title='bbox 617 2186 790 2252; x_wconf 91' lang='lat' dir='ltr'>lectionem</span> <span class='ocrx_word' id='word_1_133' title='bbox 812 2204 931 2252; x_wconf 87' lang='lat' dir='ltr'>versus</span> <span class='ocrx_word' id='word_1_134' title='bbox 953 2185 1078 2254; x_wconf 89' lang='lat' dir='ltr'>iterati:</span> 
     </span>
    </p>
   </div>
   <div class='ocr_carea' id='block_1_3' title="bbox 323 2318 1092 2407">
    <p class='ocr_par' dir='ltr' id='par_1_3' title="bbox 323 2318 1092 2407">
     <span class='ocr_line' id='line_1_18' title="bbox 323 2318 1092 2407; baseline -0.003 -24"><span class='ocrx_word' id='word_1_135' title='bbox 323 2323 416 2383; x_wconf 78' lang='grc' dir='ltr'>ἀστῶν</span> <span class='ocrx_word' id='word_1_136' title='bbox 440 2319 499 2382; x_wconf 80' lang='grc' dir='ltr'>δὀὐ</span> <span class='ocrx_word' id='word_1_137' title='bbox 523 2318 643 2401; x_wconf 79' lang='grc' dir='ltr'>δύναμαι</span> <span class='ocrx_word' id='word_1_138' title='bbox 666 2325 768 2403; x_wconf 67' lang='grc' dir='ltr'>γνῶναι</span> <span class='ocrx_word' id='word_1_139' title='bbox 790 2322 852 2382; x_wconf 82' lang='grc' dir='ltr'>νόον</span> <span class='ocrx_word' id='word_1_140' title='bbox 875 2320 957 2382; x_wconf 79' lang='grc' dir='ltr'>ὅντιν’</span> <span class='ocrx_word' id='word_1_141' title='bbox 982 2319 1092 2407; x_wconf 79' lang='grc' dir='ltr'>ἔχουσιν</span> 
     </span>
    </p>
   </div>
   <div class='ocr_carea' id='block_1_4' title="bbox 115 2453 974 2671">
    <p class='ocr_par' dir='ltr' id='par_1_4' title="bbox 115 2453 974 2671">
     <span class='ocr_line' id='line_1_19' title="bbox 115 2453 597 2536; baseline 0.012 -21"><span class='ocrx_word' id='word_1_142' title='bbox 115 2453 234 2535; x_wconf 87' lang='lat' dir='ltr'>recepit</span> <span class='ocrx_word' id='word_1_143' title='bbox 257 2473 276 2520; x_wconf 91' lang='lat' dir='ltr'>e</span> <span class='ocrx_word' id='word_1_144' title='bbox 298 2474 329 2519; x_wconf 85' lang='lat' dir='ltr'>v.</span> <span class='ocrx_word' id='word_1_145' title='bbox 355 2459 408 2534; x_wconf 84' lang='lat'>24,</span> <span class='ocrx_word' id='word_1_146' title='bbox 432 2454 465 2520; x_wconf 91' lang='lat' dir='ltr'>ni</span> <span class='ocrx_word' id='word_1_147' title='bbox 489 2455 597 2536; x_wconf 84' lang='lat' dir='ltr'>fallor,</span> 
     </span>
     <span class='ocr_line' id='line_1_20' title="bbox 324 2587 974 2671; baseline 0.002 -22"><span class='ocrx_word' id='word_1_148' title='bbox 324 2589 417 2658; x_wconf 79' lang='grc' dir='ltr'>ἀστοῖς</span> <span class='ocrx_word' id='word_1_149' title='bbox 440 2587 524 2650; x_wconf 82' lang='grc' dir='ltr'>τοῖσδ’</span> <span class='ocrx_word' id='word_1_150' title='bbox 549 2588 626 2650; x_wconf 85' lang='grc' dir='ltr'>οὔπω</span> <span class='ocrx_word' id='word_1_151' title='bbox 649 2598 731 2651; x_wconf 72' lang='grc' dir='ltr'>πᾶσιν</span> <span class='ocrx_word' id='word_1_152' title='bbox 756 2587 830 2651; x_wconf 81' lang='grc' dir='ltr'>ἁδεῖν</span> <span class='ocrx_word' id='word_1_153' title='bbox 854 2587 974 2671; x_wconf 77' lang='grc' dir='ltr'>δύναμαι</span> 
     </span>
    </p>
   </div>
   <div class='ocr_carea' id='block_1_5' title="bbox 107 2721 1318 4325">
    <p class='ocr_par' dir='ltr' id='par_1_5' title="bbox 107 2721 1318 3711">
     <span class='ocr_line' id='line_1_21' title="bbox 109 2721 1285 2802; baseline 0.002 -18"><span class='ocrx_word' id='word_1_154' title='bbox 109 2724 225 2785; x_wconf 86' lang='lat' dir='ltr'>ortam.</span> <span class='ocrx_word' id='word_1_155' title='bbox 275 2721 396 2785; x_wconf 87' lang='lat' dir='ltr'>Verum</span> <span class='ocrx_word' id='word_1_156' title='bbox 425 2721 591 2787; x_wconf 89' lang='lat' dir='ltr'>enimvero</span> <span class='ocrx_word' id='word_1_157' title='bbox 626 2722 713 2802; x_wconf 88' lang='lat' dir='ltr'>quod</span> <span class='ocrx_word' id='word_1_158' title='bbox 747 2721 782 2786; x_wconf 94' lang='lat' dir='ltr'>in</span> <span class='ocrx_word' id='word_1_159' title='bbox 808 2721 957 2787; x_wconf 78' lang='lat' dir='ltr'>Homeri</span> <span class='ocrx_word' id='word_1_160' title='bbox 983 2721 1185 2788; x_wconf 90' lang='lat' dir='ltr'>carminibus</span> <span class='ocrx_word' id='word_1_161' title='bbox 1218 2741 1285 2787; x_wconf 90' lang='lat' dir='ltr'>non</span> 
     </span>
     <span class='ocr_line' id='line_1_22' title="bbox 108 2835 1285 2920; baseline 0.003 -21"><span class='ocrx_word' id='word_1_162' title='bbox 108 2835 302 2910; x_wconf 89' lang='lat' dir='ltr'>inusitatum</span> <span class='ocrx_word' id='word_1_163' title='bbox 336 2835 586 2916; x_wconf 88' lang='lat' dir='ltr'>inauditumque</span> <span class='ocrx_word' id='word_1_164' title='bbox 620 2835 808 2916; x_wconf 88' lang='lat' dir='ltr'>invenitur,¹</span> <span class='ocrx_word' id='word_1_165' title='bbox 840 2835 874 2901; x_wconf 92' lang='lat' dir='ltr'>id</span> <span class='ocrx_word' id='word_1_166' title='bbox 898 2836 1081 2920; x_wconf 80' lang='lat' dir='ltr'>Theognidi</span> <span class='ocrx_word' id='word_1_167' title='bbox 1115 2837 1178 2902; x_wconf 91' lang='lat' dir='ltr'>hoc</span> <span class='ocrx_word' id='word_1_168' title='bbox 1210 2838 1285 2903; x_wconf 91' lang='lat' dir='ltr'>loco</span> 
     </span>
     <span class='ocr_line' id='line_1_23' title="bbox 107 2951 1289 3034; baseline 0.002 -19"><span class='ocrx_word' id='word_1_169' title='bbox 107 2951 196 3018; x_wconf 88' lang='lat' dir='ltr'>haud</span> <span class='ocrx_word' id='word_1_170' title='bbox 220 2952 288 3018; x_wconf 87' lang='lat' dir='ltr'>scio</span> <span class='ocrx_word' id='word_1_171' title='bbox 312 2970 355 3018; x_wconf 90' lang='lat' dir='ltr'>an</span> <span class='ocrx_word' id='word_1_172' title='bbox 378 2952 629 3018; x_wconf 90' lang='lat' dir='ltr'>condonandum</span> <span class='ocrx_word' id='word_1_173' title='bbox 651 2953 703 3019; x_wconf 87' lang='lat' dir='ltr'>sit.</span> <span class='ocrx_word' id='word_1_174' title='bbox 749 2952 837 3016; x_wconf 90' lang='lat' dir='ltr'>Nam</span> <span class='ocrx_word' id='word_1_175' title='bbox 860 2957 989 3017; x_wconf 85' lang='lat' dir='ltr'>tantum</span> <span class='ocrx_word' id='word_1_176' title='bbox 1013 2952 1121 3033; x_wconf 88' lang='lat' dir='ltr'>abest,</span> <span class='ocrx_word' id='word_1_177' title='bbox 1145 2957 1185 3017; x_wconf 94' lang='lat' dir='ltr'>ut</span> <span class='ocrx_word' id='word_1_178' title='bbox 1208 2970 1289 3034; x_wconf 90' lang='lat' dir='ltr'>par--</span> 
     </span>
     <span class='ocr_line' id='line_1_24' title="bbox 107 3064 1287 3154; baseline 0.003 -24"><span class='ocrx_word' id='word_1_179' title='bbox 107 3066 210 3134; x_wconf 90' lang='lat' dir='ltr'>tioula</span> <span class='ocrx_word' id='word_1_180' title='bbox 233 3064 264 3129; x_wconf 76' lang='grc' dir='ltr'>δὲ</span> <span class='ocrx_word' id='word_1_181' title='bbox 288 3067 415 3148; x_wconf 87' lang='lat' dir='ltr'>doceat,</span> <span class='ocrx_word' id='word_1_182' title='bbox 439 3067 473 3133; x_wconf 93' lang='lat' dir='ltr'>id</span> <span class='ocrx_word' id='word_1_183' title='bbox 496 3066 583 3148; x_wconf 89' lang='lat' dir='ltr'>quod</span> <span class='ocrx_word' id='word_1_184' title='bbox 605 3067 650 3131; x_wconf 93' lang='lat' dir='ltr'>H.</span> <span class='ocrx_word' id='word_1_185' title='bbox 668 3067 895 3134; x_wconf 84' lang='lat' dir='ltr'>Schneidewin</span> <span class='ocrx_word' id='word_1_186' title='bbox 919 3065 964 3152; x_wconf 81' lang='lat' dir='ltr'>(p.</span> <span class='ocrx_word' id='word_1_187' title='bbox 982 3066 1039 3154; x_wconf 82' lang='grc'>20)</span> <span class='ocrx_word' id='word_1_188' title='bbox 1059 3068 1142 3148; x_wconf 80' lang='lat' dir='ltr'>vult,</span> <span class='ocrx_word' id='word_1_189' title='bbox 1166 3086 1287 3134; x_wconf 87' lang='lat' dir='ltr'>vorsus</span> 
     </span>
     <span class='ocr_line' id='line_1_25' title="bbox 109 3182 1284 3265; baseline 0.002 -19"><span class='ocrx_word' id='word_1_190' title='bbox 109 3201 150 3247; x_wconf 85' lang='lat' dir='ltr'>en</span> <span class='ocrx_word' id='word_1_191' title='bbox 173 3182 245 3265; x_wconf 89' lang='lat' dir='ltr'>ipso</span> <span class='ocrx_word' id='word_1_192' title='bbox 269 3184 506 3250; x_wconf 87' lang='lat' dir='ltr'>sententiarum</span> <span class='ocrx_word' id='word_1_193' title='bbox 528 3202 616 3249; x_wconf 82' lang='lat' dir='ltr'>nexu</span> <span class='ocrx_word' id='word_1_194' title='bbox 638 3183 688 3249; x_wconf 92' lang='lat' dir='ltr'>ita</span> <span class='ocrx_word' id='word_1_195' title='bbox 710 3188 748 3248; x_wconf 94' lang='lat' dir='ltr'>ut</span> <span class='ocrx_word' id='word_1_196' title='bbox 771 3187 848 3249; x_wconf 90' lang='lat' dir='ltr'>ante</span> <span class='ocrx_word' id='word_1_197' title='bbox 872 3202 927 3249; x_wconf 91' lang='lat' dir='ltr'>eos</span> <span class='ocrx_word' id='word_1_198' title='bbox 951 3185 1072 3249; x_wconf 91' lang='lat' dir='ltr'>lacuna</span> <span class='ocrx_word' id='word_1_199' title='bbox 1106 3183 1284 3248; x_wconf 86' lang='lat' dir='ltr'>statuenda</span> 
     </span>
     <span class='ocr_line' id='line_1_26' title="bbox 109 3285 1318 3390; baseline 0.003 -29"><span class='ocrx_word' id='word_1_200' title='bbox 109 3297 166 3378; x_wconf 90' lang='lat' dir='ltr'>sit,</span> <span class='ocrx_word' id='word_1_201' title='bbox 202 3303 352 3380; x_wconf 89' lang='lat' dir='ltr'>sumptos</span> <span class='ocrx_word' id='word_1_202' title='bbox 376 3318 462 3380; x_wconf 89' lang='lat' dir='ltr'>esse,</span> <span class='ocrx_word' id='word_1_203' title='bbox 498 3303 535 3363; x_wconf 91' lang='lat' dir='ltr'>ut</span> <span class='ocrx_word' id='word_1_204' title='bbox 559 3305 753 3381; x_wconf 84' lang='lat' dir='ltr'>argumento</span> <span class='ocrx_word' id='word_1_205' title='bbox 778 3317 852 3365; x_wconf 89' lang='lat' dir='ltr'>esso</span> <span class='ocrx_word' id='word_1_206' title='bbox 886 3298 992 3382; x_wconf 88' lang='lat' dir='ltr'>possit</span> <span class='ocrx_word' id='word_1_207' title='bbox 1011 3285 1175 3365; x_wconf 46' lang='lat' dir='ltr'>&#39;additam</span> <span class='ocrx_word' id='word_1_208' title='bbox 1210 3318 1318 3390; x_wconf 70' lang='lat' dir='ltr'>esse¹</span> 
     </span>
     <span class='ocr_line' id='line_1_27' title="bbox 108 3413 1286 3495; baseline 0.002 -17"><span class='ocrx_word' id='word_1_209' title='bbox 108 3413 308 3494; x_wconf 86' lang='lat' dir='ltr'>particulam</span> <span class='ocrx_word' id='word_1_210' title='bbox 343 3415 385 3479; x_wconf 89' lang='lat' dir='ltr'>ab</span> <span class='ocrx_word' id='word_1_211' title='bbox 421 3433 476 3495; x_wconf 89' lang='lat' dir='ltr'>eo,</span> <span class='ocrx_word' id='word_1_212' title='bbox 519 3414 576 3494; x_wconf 91' lang='lat' dir='ltr'>qui</span> <span class='ocrx_word' id='word_1_213' title='bbox 614 3415 852 3484; x_wconf 87' lang='lat' dir='ltr'>sententiarum</span> <span class='ocrx_word' id='word_1_214' title='bbox 887 3432 1007 3480; x_wconf 81' lang='lat' dir='ltr'>noxum</span> <span class='ocrx_word' id='word_1_215' title='bbox 1041 3414 1215 3481; x_wconf 90' lang='lat' dir='ltr'>restituere</span> <span class='ocrx_word' id='word_1_216' title='bbox 1249 3415 1286 3480; x_wconf 90' lang='lat' dir='ltr'>in</span> 
     </span>
     <span class='ocr_line' id='line_1_28' title="bbox 109 3528 388 3595; baseline 0.014 -4"><span class='ocrx_word' id='word_1_217' title='bbox 109 3528 218 3595; x_wconf 90' lang='lat' dir='ltr'>animo</span> <span class='ocrx_word' id='word_1_218' title='bbox 241 3528 388 3595; x_wconf 88' lang='lat' dir='ltr'>haberet.</span> 
     </span>
     <span class='ocr_line' id='line_1_29' title="bbox 196 3643 1281 3711; baseline 0.002 -2"><span class='ocrx_word' id='word_1_219' title='bbox 196 3644 269 3710; x_wconf 90' lang='lat' dir='ltr'>Iam</span> <span class='ocrx_word' id='word_1_220' title='bbox 281 3645 431 3710; x_wconf 88' lang='lat' dir='ltr'>venimus</span> <span class='ocrx_word' id='word_1_221' title='bbox 448 3644 491 3710; x_wconf 91' lang='lat' dir='ltr'>ad</span> <span class='ocrx_word' id='word_1_222' title='bbox 508 3643 670 3710; x_wconf 90' lang='lat' dir='ltr'>distichon</span> <span class='ocrx_word' id='word_1_223' title='bbox 685 3647 825 3710; x_wconf 91' lang='lat' dir='ltr'>multum</span> <span class='ocrx_word' id='word_1_224' title='bbox 843 3645 955 3711; x_wconf 86' lang='lat' dir='ltr'>aviris</span> <span class='ocrx_word' id='word_1_225' title='bbox 969 3644 1075 3711; x_wconf 93' lang='lat' dir='ltr'>doctis</span> <span class='ocrx_word' id='word_1_226' title='bbox 1090 3649 1281 3711; x_wconf 91' lang='lat' dir='ltr'>tractatum.</span> 
     </span>
    </p>

    <p class='ocr_par' dir='ltr' id='par_1_6' title="bbox 108 3759 966 3842">
     <span class='ocr_line' id='line_1_30' title="bbox 108 3759 966 3842; baseline 0.001 -19"><span class='ocrx_word' id='word_1_227' title='bbox 108 3759 147 3823; x_wconf 91' lang='lat' dir='ltr'>ln</span> <span class='ocrx_word' id='word_1_228' title='bbox 169 3766 311 3840; x_wconf 89' lang='lat' dir='ltr'>utroque</span> <span class='ocrx_word' id='word_1_229' title='bbox 335 3759 446 3826; x_wconf 92' lang='lat' dir='ltr'>codice</span> <span class='ocrx_word' id='word_1_230' title='bbox 469 3780 501 3825; x_wconf 87' lang='lat' dir='ltr'>v.</span> <span class='ocrx_word' id='word_1_231' title='bbox 525 3764 703 3824; x_wconf 81' lang='lat'>409—410</span> <span class='ocrx_word' id='word_1_232' title='bbox 726 3760 775 3826; x_wconf 89' lang='lat' dir='ltr'>ita</span> <span class='ocrx_word' id='word_1_233' title='bbox 798 3759 966 3842; x_wconf 83' lang='lat' dir='ltr'>leguntur:</span> 
     </span>
    </p>

    <p class='ocr_par' dir='ltr' id='par_1_7' title="bbox 324 3881 1015 3969">
     <span class='ocr_line' id='line_1_31' title="bbox 324 3881 1015 3969; baseline -0.006 -22"><span class='ocrx_word' id='word_1_234' title='bbox 324 3881 437 3947; x_wconf 77' lang='grc' dir='ltr'>Οὐδένα</span> <span class='ocrx_word' id='word_1_235' title='bbox 460 3882 606 3969; x_wconf 75' lang='grc' dir='ltr'>θησαυρὸν</span> <span class='ocrx_word' id='word_1_236' title='bbox 629 3883 705 3945; x_wconf 81' lang='grc' dir='ltr'>παισὶ</span> <span class='ocrx_word' id='word_1_237' title='bbox 727 3883 886 3968; x_wconf 65' lang='grc' dir='ltr'>καταθήσει</span> <span class='ocrx_word' id='word_1_238' title='bbox 910 3883 1015 3965; x_wconf 77' lang='grc' dir='ltr'>ἀμείνω</span> 
     </span>
    </p>

    <p class='ocr_par' dir='ltr' id='par_1_8' title="bbox 109 3988 1289 4325">
     <span class='ocr_line' id='line_1_32' title="bbox 323 3988 1036 4075; baseline 0 -23"><span class='ocrx_word' id='word_1_239' title='bbox 323 3991 425 4066; x_wconf 78' lang='grc' dir='ltr'>αἰδοῦς,</span> <span class='ocrx_word' id='word_1_240' title='bbox 449 3991 494 4074; x_wconf 81' lang='grc' dir='ltr'>ἥτ’</span> <span class='ocrx_word' id='word_1_241' title='bbox 521 3990 636 4072; x_wconf 62' lang='grc' dir='ltr'>ἀγαθοῖς</span> <span class='ocrx_word' id='word_1_242' title='bbox 659 3989 784 4075; x_wconf 71' lang='grc' dir='ltr'>ἀνδράσι,</span> <span class='ocrx_word' id='word_1_243' title='bbox 808 3988 907 4074; x_wconf 79' lang='grc' dir='ltr'>Κύρν’,</span> <span class='ocrx_word' id='word_1_244' title='bbox 932 3989 1036 4053; x_wconf 74' lang='grc' dir='ltr'>ἕπεται.</span> 
     </span>
     <span class='ocr_line' id='line_1_33' title="bbox 109 4120 1289 4206; baseline 0.001 -19"><span class='ocrx_word' id='word_1_245' title='bbox 109 4123 175 4188; x_wconf 94' lang='lat' dir='ltr'>Pro</span> <span class='ocrx_word' id='word_1_246' title='bbox 199 4122 275 4185; x_wconf 75' lang='grc' dir='ltr'>παισὶ</span> <span class='ocrx_word' id='word_1_247' title='bbox 298 4121 332 4187; x_wconf 91' lang='lat' dir='ltr'>in</span> <span class='ocrx_word' id='word_1_248' title='bbox 354 4124 433 4191; x_wconf 91' lang='lat' dir='ltr'>AO</span> <span class='ocrx_word' id='word_1_249' title='bbox 458 4123 522 4190; x_wconf 80' lang='lat' dir='ltr'>levi</span> <span class='ocrx_word' id='word_1_250' title='bbox 547 4123 754 4206; x_wconf 86' lang='lat' dir='ltr'>neglegentia</span> <span class='ocrx_word' id='word_1_251' title='bbox 777 4127 913 4187; x_wconf 80' lang='lat' dir='ltr'>exarato</span> <span class='ocrx_word' id='word_1_252' title='bbox 936 4120 1027 4183; x_wconf 81' lang='grc' dir='ltr'>παισὶν</span> <span class='ocrx_word' id='word_1_253' title='bbox 1052 4140 1124 4188; x_wconf 86' lang='lat' dir='ltr'>esse</span> <span class='ocrx_word' id='word_1_254' title='bbox 1140 4122 1289 4190; x_wconf 87' lang='lat' dir='ltr'>scriben—</span> 
     </span>
     <span class='ocr_line' id='line_1_34' title="bbox 110 4237 1289 4325; baseline -0.005 -22"><span class='ocrx_word' id='word_1_255' title='bbox 110 4238 188 4304; x_wconf 91' lang='lat' dir='ltr'>dum</span> <span class='ocrx_word' id='word_1_256' title='bbox 223 4257 335 4305; x_wconf 88' lang='lat' dir='ltr'>omnes</span> <span class='ocrx_word' id='word_1_257' title='bbox 368 4240 436 4305; x_wconf 80' lang='lat' dir='ltr'>fere</span> <span class='ocrx_word' id='word_1_258' title='bbox 464 4237 687 4319; x_wconf 82' lang='lat' dir='ltr'>consentiunt3</span> <span class='ocrx_word' id='word_1_259' title='bbox 716 4257 775 4319; x_wconf 90' lang='lat' dir='ltr'>pro</span> <span class='ocrx_word' id='word_1_260' title='bbox 803 4237 961 4322; x_wconf 66' lang='grc' dir='ltr'>καταθήσει</span> <span class='ocrx_word' id='word_1_261' title='bbox 988 4240 1101 4302; x_wconf 92' lang='lat' dir='ltr'>utrum</span> <span class='ocrx_word' id='word_1_262' title='bbox 1128 4238 1289 4325; x_wconf 64' lang='grc' dir='ltr'>κατανοήσῃ1</span> 
     </span>
    </p>
   </div>
   <div class='ocr_carea' id='block_1_6' title="bbox 183 4397 1075 4542">
    <p class='ocr_par' dir='ltr' id='par_1_9' title="bbox 183 4397 1075 4542">
     <span class='ocr_line' id='line_1_35' title="bbox 183 4397 376 4452; baseline 0.005 -2"><span class='ocrx_word' id='word_1_263' title='bbox 183 4398 193 4435; x_wconf 89' lang='lat'>¹</span> <span class='ocrx_word' id='word_1_264' title='bbox 214 4401 249 4452; x_wconf 85' lang='lat' dir='ltr'>cf.</span> <span class='ocrx_word' id='word_1_265' title='bbox 270 4397 296 4450; x_wconf 80' lang='lat' dir='ltr'>E</span> <span class='ocrx_word' id='word_1_266' title='bbox 315 4400 376 4451; x_wconf 86' lang='grc'>484.</span> 
     </span>
     <span class='ocr_line' id='line_1_36' title="bbox 1034 4485 1075 4542; baseline 0 0"><span class='ocrx_word' id='word_1_267' title='bbox 1034 4485 1075 4542; x_wconf 67' lang='lat'>2*</span> 
     </span>
    </p>
   </div>
   <div class='ocr_carea' id='block_1_7' title="bbox 0 0 1522 4844">
    <p class='ocr_par' dir='ltr' id='par_1_10' title="bbox 0 0 1522 4844">
     <span class='ocr_line' id='line_1_37' title="bbox 0 0 1522 4844; baseline 0 1"><span class='ocrx_word' id='word_1_268' title='bbox 0 0 1522 4844; x_wconf 95' lang='lat' dir='ltr'> </span> 
     </span>
    </p>
   </div>
  </div>
 </body>
</html>
