3036 4844
699 261 912 321 ...48-

213 448 270 517 lici
298 458 359 518 240
388 455 479 530 sunt,
511 472 649 546 quorum
679 456 719 514 87
751 453 1004 535 interpungunt‚
1038 460 1097 519 153
1125 455 1393 538 interpunctione

214 574 328 632 carent
350 568 382 645 (i.
407 587 434 630 c.
458 586 560 647 prope
585 567 622 628 4:
641 568 682 642 7).
728 561 855 645 Quodsi
877 567 951 660 quis
971 587 1083 644 versus

277 711 376 776 6597
391 732 461 794 sqq.
480 710 578 787 αι’νιῦς
598 709 659 794 γαρ
679 711 829 792 μύθοισιν
850 709 959 776 sceau
976 735 1010 776 cc
1031 724 1129 778 σοῖσιν
1152 708 1274 776 α’νσύων

481 827 644 906 τέρπομαι.
668 818 740 886 ἄλλ’
762 819 821 909 ἤδη
842 845 898 904 μοι
917 819 1091 902 ἀνιάζουσιν
1116 821 1234 905 ἑταῖροι

480 933 512 997 ἒν
535 932 631 1017 Πύλῳ
653 930 776 1018 ἠγαθέῃ
862 970 864 976 1
923 973 924 976 =

211 1079 262 1144 vel
274 1085 298 1163 β
312 1083 371 1143 181
385 1100 457 1161 sqq.
481 1076 606 1162 ὄρνιθες
627 1077 714 1143 δέτι
737 1055 929 1144 πσίίσὶ”ΰιτ’
950 1076 1049 1162 αὕμσὶς
1070 1074 1187 1165 ἠελίοιο

480 1185 620 1274 φοιτώσ’,
643 1186 717 1253 οὐδέ
738 1189 772 1253 τε
791 1188 907 1266 πάντες
920 1187 1074 1271 ἐναίσιμοι
1088 1211 1095 1226 ·
1109 1185 1210 1273 αὐτάρ
1226 1186 1390 1264 Ὀδυσσεύς

480 1297 580 1365 ὤλετο
601 1297 670 1387 τῆλ’
693 1290 754 1365 etc.
810 1300 812 1308 ’
833 1299 836 1304 ’

210 1445 339 1524 recitat,
355 1443 465 1509 facere
477 1465 542 1508 non
555 1451 663 1529 potest
674 1446 753 1529 quin
766 1465 904 1527 pausam
916 1445 1018 1510 faciat
1032 1451 1108 1527 post
1121 1445 1221 1511 verba
1232 1451 1388 1528 espicopus

211 1562 244 1622 et
273 1555 441 1637 ἑναίσιμσι;
473 1556 528 1638 qui
557 1554 660 1636 igitur
690 1538 906 1637 pronunciari
937 1561 1046 1639 potest
1078 1555 1326 1640 τέρπομα-ίαλί
1354 1563 1388 1621 et

208 1663 501 1749 ἓναίσιμο-Ῑαυτσὶρῖ)
1011 1751 1012 1754 ¹

295 1776 372 1842 Hoc
404 1778 503 1842 etism
531 1777 636 1858 magis
665 1776 752 1841 valet
782 1775 822 1840 de
850 1797 988 1842 caesura
1020 1799 1104 1861 quae
1137 1782 1274 1843 uocatur
1306 1778 1387 1858 μετὰ

206 1893 311 1970 τρίτον
333 1899 486 1972 τροχαῖον.
520 1887 561 1952 In
584 1908 640 1952 sex
661 1887 756 1952 libris
772 1886 839 1951 illis
858 1887 1107 1970 undenonagies
1123 1889 1156 1952 in
1172 1889 1278 1971 prima
1298 1888 1386 1953 thesi

203 1999 301 2083 pedis
323 1999 414 2064 tertii
433 1999 558 2064 vocalis
581 2005 638 2063 aut
655 1998 878 2081 diphthongus
900 2000 947 2065 ita
971 2001 1159 2083 corripitur,
1187 2004 1224 2063 ut
1246 2018 1386 2064 caesura

197 2111 377 2180 trochaica
400 2111 531 2175 existat.
575 2109 811 2175 Dubitabimus
842 2111 960 2193 opinor
980 2111 1191 2176 vehementer
1215 2129 1386 2174 caesuram

209 2221 306 2304 quasi
327 2220 444 2285 tollere
460 2220 664 2302 diphthongo
680 2220 842 2287 dissoluta
860 2228 892 2286 et
909 2223 930 2303 j
946 2223 998 2288 vel
1013 2241 1037 2288 s
1053 2222 1165 2286 littera
1184 2220 1226 2286 ad
1245 2219 1382 2286 verbum

206 2351 343 2416 sequens
365 2336 481 2410 tracta,
505 2329 669 2412 quomodo
694 2352 797 2414 pausa
820 2354 885 2397 non
901 2333 1097 2398 admittitur.
1131 2332 1274 2398 Accedit
1294 2329 1384 2413 quod

204 2443 287 2519 locis
307 2442 424 2524 viginti
452 2441 500 2505 vis
530 2440 627 2506 huius
649 2463 804 2507 caesurae
827 2444 1093 2528 interpunctione
1116 2444 1211 2528 gravi
1232 2448 1381 2526 augetur,

197 2576 278 2621 cum
301 2552 448 2618 versibus
468 2552 768 2637 undeseptuaginta
784 2555 1005 2636 interpunctio
1029 2556 1125 2623 desit.
1158 2555 1238 2623 Utd
1256 2561 1316 2622 107
1333 2579 1383 2640 sq.

706 2651 708 2655 ,
775 2672 821 2750 τῷ
843 2663 926 2753 δ’ἄρ’
946 2667 1074 2749 ἔμελλεν

197 2806 200 2815 =
259 2838 260 2842 ,
379 2772 465 2857 αὐτῷ
486 2771 730 2861 κήδε’ἕσεσθοι,
754 2777 826 2859 ἐμοὶ
846 2777 953 2860 δ’ὀὶχσς
973 2777 1040 2845 αἰὲν
1062 2776 1197 2844 ι’ίλαστσν

197 2947 198 2950 ,
380 2889 480 2951 κείνου
503 2893 567 2952 etc.

202 3021 297 3064 nemo
319 2999 408 3082 leget
433 2985 691 3080 ἕσισθα-ίιμοί.7
740 3028 742 3032 ⁴
909 3081 912 3086 Α

289 3109 383 3193 Quae
407 3130 481 3174 cum
507 3109 555 3173 ita
585 3109 666 3193 sint,
695 3109 843 3176 Hartelii
874 3113 1070 3178 sententiam
1095 3090 1197 3176 libere
1221 3109 1381 3176 confiteor

202 3221 281 3286 mihi
304 3242 368 3286 non
388 3221 542 3303 probari,
558 3222 657 3285 immo
675 3241 733 3296 me
754 3222 962 3303 acquiescere
984 3227 1163 3305 praecepto
1190 3221 1246 3285 illo
1270 3227 1379 3286 vetere

201 3331 243 3394 ab
265 3330 419 3396 Hartelio
442 3330 539 3394 irriso
563 3329 668 3411 (Ilp.
693 3334 745 3411 10)
769 3355 801 3415 q.
824 3352 850 3396 e.
877 3334 1042 3398 vocalis
1066 3339 1164 3398 ante
1187 3330 1379 3396 vocalem

200 3441 241 3505 in
273 3440 388 3505 thesi
422 3440 874 3524 dactylicorripitur.
928 3443 1136 3527 Quamquam
1169 3445 1232 3508 hoc
1262 3443 1295 3506 in
1330 3441 1378 3505 di·

199 3551 378 3633 phthongis
393 3573 423 3616 οι
438 3557 471 3616 et
488 3576 520 3616 αι
541 3551 645 3616 multo
664 3552 767 3634 magis
789 3560 906 3636 poetae
925 3555 1089 3636 placuisse
1109 3553 1254 3619 concedo
1278 3573 1378 3638 quam

199 3664 233 3727 in
255 3663 381 3727 ceteris.
415 3661 559 3731 Videtur
575 3683 654 3727 sane
669 3669 787 3728 natura
803 3665 921 3729 harum
939 3665 1219 3748 diphthongorum
1237 3664 1377 3728 multum

199 3773 241 3838 ad
273 3772 440 3838 licentiam
472 3772 567 3855 illem¹
594 3773 829 3856 declinavisse,
864 3783 901 3842 ut
935 3775 1157 3860 diphthongus
1190 3776 1376 3841 breviorem

198 3906 383 3950 mensuram
403 3884 549 3948 heberet,
596 3883 751 3950 Ceterum
781 3912 798 3949 σ
828 3887 1106 3969 diphthongorum
1128 3911 1164 3952 oc
1185 3893 1217 3951 et
1239 3911 1272 3952 sc
1294 3906 1377 3964 nun·

198 4018 297 4078 quem
324 3996 403 4061 mihi
432 3994 639 4078 persuadebo
671 4019 805 4062 munere
836 4000 1089 4063 consonantium
1114 3999 1262 4064 functum
1294 4017 1375 4076 esse,

190 4090 394 4190 ‘praesertim
420 4128 493 4172 cum
516 4129 551 4171 σο
567 4128 631 4195 non
647 4108 747 4194 nimio
769 4107 975 4191 frequentius
999 4111 1196 4192 corripiatur
1219 4129 1318 4192 quem
1338 4132 1373 4193 ῳ,

197 4240 231 4280 ευ
253 4217 305 4282 vel
327 4218 433 4282 rarius
458 4239 555 4300 quam
579 4242 606 4303 η,
630 4243 658 4303 ῃ,
682 4243 717 4282 ω.
917 4203 920 4208 ’
