3036 4844
659 324 880 383 ,40-

744 513 875 578 VI..

275 635 451 698 Quintilian.
476 637 515 700 X,
546 637 568 690 l.
595 637 639 690 ll:
669 638 726 690 alia
751 652 832 702 vero,
861 653 937 705 quae
965 637 1080 690 etiamsi
1106 638 1230 705 proprie
1258 653 1359 691 rerum

184 725 391 793 aliquorum
408 729 479 778 sunt
502 726 630 790 nomina,
654 724 788 797 τροπικῶς
807 723 919 797 [quusi]
942 729 1041 780 tamen
1065 727 1101 780 ad
1126 726 1254 780 eundem
1271 728 1358 781 intel-

183 815 294 869 lectum
317 815 463 881 teruntur,
481 819 515 868 ut
538 816 650 869 forrum
673 820 702 869 et
724 831 836 870 mucro.
859 831 915 883 pro
939 817 1144 884 aliquarum
1167 816 1358 871 scribendum

184 914 301 959 censeo:
320 904 513 961 diversoum.

732 1056 807 1123 VH.

273 1180 389 1235 Ibidem
406 1182 446 1247 X,
471 1182 495 1246 1,
520 1182 552 1235 lo
576 1182 718 1235 adhunc
744 1183 867 1235 modum
894 1182 1029 1235 restituo:
1057 1180 1179 1236 Excitat
1206 1183 1258 1250 qui
1285 1183 1358 1235 dicit

184 1271 293 1338 spiritu
311 1271 387 1338 ipso,
405 1286 459 1324 nec
477 1271 608 1337 imagine
626 1271 762 1324 animos
780 1286 888 1337 rerum,
908 1272 959 1325 sod
978 1270 1067 1324 rebus
1086 1272 1227 1325 incendit.

725 1504 818 1570 VHI.

273 1628 309 1681 In
327 1628 422 1681 Taciti
440 1628 509 1682 dial.
523 1644 547 1682 c.
559 1630 592 1681 37
606 1632 737 1682 extremo
750 1628 849 1693 verba,
869 1643 945 1696 quae
961 1629 1077 1682 deiectu
1093 1627 1228 1681 laborare
1240 1628 1356 1696 primus

184 1717 328 1771 indicavit
350 1718 500 1785 Agricola,
525 1719 569 1772 sio
592 1719 694 1787 aliquo
717 1719 805 1772 modo
829 1719 928 1772 sanari
951 1733 1039 1785 ponec
1061 1722 1147 1785 puto:
1172 1733 1299 1786 quorum
1323 1735 1356 1771 ea

184 1809 289 1860 natura
309 1810 360 1872 est,
379 1811 413 1861 ut
432 1823 535 1862 secura
553 1808 655 1873 velint,
674 1809 784 1862 fortio
802 1808 959 1863 laudent.

737 2042 799 2107 IX.

272 2164 360 2218 Falso
380 2166 605 2219 confunduntur
623 2166 656 2219 L.
676 2166 853 2219 Voltacilius
871 2165 989 2218 Pilutus
1013 2163 1104 2233 (Suet.
1123 2180 1248 2232 gramm.
1266 2168 1301 2218 27
1321 2190 1357 2208 =

183 2253 257 2306 rhet.
289 2254 316 2321 3)
347 2254 410 2308 sive
440 2255 619 2307 Vultacilius
648 2255 758 2307 'Plotus'
793 2254 1004 2322 (Hieronymus
1039 2254 1077 2306 ed
1107 2254 1214 2308 Euseb.
1246 2253 1356 2307 Ohron.

186 2342 253 2394 193ss
266 2341 424 2411 :ttsssssn
444 2346 473 2395 et
493 2344 533 2395 M.
546 2343 723 2396 Voltacilius
751 2343 905 2396 Pitholaus
932 2342 1073 2410 (Macrob.
1097 2342 1156 2396 Sat.
1179 2344 1218 2408 Π,
1246 2346 1271 2409 2,
1302 2343 1356 2410 13).

184 2431 220 2483 ct.
239 2429 517 2496 Teuffel-Schwabe,
537 2430 641 2484 Geech.
660 2431 714 2484 der
731 2447 820 2485 roem.
840 2432 991 2484 Literatur
1008 2435 1033 2484 5.
1053 2431 1098 2485 ed.
1117 2427 1134 2501 ξ
1156 2433 1242 2505 158,3.
