3036 4844
648 268 861 328 ..41....

175 464 246 540 194,
264 464 336 540 220,
355 462 429 539 221)
443 460 479 540 ¹),
502 459 626 542 optime
643 457 806 541 quomodo
827 464 928 541 poeta
944 459 1193 524 Alexandrinus
1215 482 1347 527 carmen

173 571 254 637 illud
285 570 423 636 ficturus
451 571 553 636 fuerit
583 569 822 634 demonstrant.
868 568 962 652 Quae
986 591 1060 636 cum
1082 573 1131 636 ita
1160 573 1243 652 sint,
1275 574 1347 639 luce

173 683 293 748 clarius
322 689 373 747 est
399 703 530 747 carmen
562 681 650 765 quod
676 681 799 766 legitur
825 685 1063 748 vv.1345-50
1086 684 1252 767 antiquius
1276 706 1348 751 esse

172 800 280 859 aetate
296 793 535 869 Alexandrina,
557 792 698 858 sortasse
714 799 791 858 ente
811 793 979 858 saeculum
1002 802 1155 878 quartum
1178 797 1346 878 scriptum.

256 905 354 971 Licet
382 904 523 969 fortasse
550 903 631 969 fines
660 909 844 987 temporum
873 906 1044 988 angustius
1067 905 1346 970 circumscribere.

172 1016 306 1083 Ulricus
328 1015 520 1081 Kochler
533 1016 559 1099 ²)
580 1015 666 1081 enim
691 1016 883 1080 observasse
907 1015 969 1080 sibi
990 1016 1076 1081 visus
1101 1018 1205 1080 estin
1229 1024 1349 1100 patere

172 1126 284 1210 figuris
307 1126 416 1191 rubris
439 1127 564 1191 ordinis
585 1128 699 1207 severi,
724 1148 809 1210 quae
826 1126 1000 1210 Tanagrae
1021 1133 1116 1192 eruta
1138 1133 1198 1208 est,
1218 1149 1346 1214 versum

173 1238 378 1304 collectionis
400 1246 536 1303 nostrae
558 1240 640 1302 1365
661 1237 821 1321 scriptum
844 1259 925 1319 esse,
949 1259 979 1320 q.
999 1260 1044 1303 e:
1073 1228 1246 1303 heatior
1272 1238 1346 1306 κάλ-

172 1350 254 1414 λιπε
283 1349 335 1412 καὶ
364 1348 561 1434 lucenicanus
591 1347 725 1412 πάντων.
779 1348 991 1430 Conspicitur
1020 1349 1054 1413 in
1083 1356 1201 1433 patera
1231 1353 1280 1416 vir
1312 1354 1346 1417 in

171 1459 258 1524 lecto
304 1460 465 1524 convivali
502 1458 678 1524 accubans
719 1459 863 1542 leporem
906 1459 1051 1524 mulcens
1098 1499 1136 1508 —-
1173 1462 1348 1528 intercedit

172 1576 281 1634 autem
310 1570 437 1654 aliquid
465 1571 667 1654 leporinum
696 1591 808 1635 amore
836 1572 955 1655 puerili
978 1609 1019 1618 —
1051 1571 1188 1637 ethaeo
1211 1593 1346 1638 canens:

172 1705 189 1745 c
216 1681 331 1746 παιδον
356 1683 509 1748 καλλιστε.
563 1681 657 1765 Quae
691 1682 791 1749 verba
821 1704 893 1748 cum
924 1684 1056 1748 initium
1080 1682 1212 1746 distichi
1240 1685 1347 1748 nostri

151 1793 325 1874 'opinetur
364 1794 416 1856 vir
452 1792 569 1857 doctus
607 1801 640 1859 et
673 1796 810 1877 cylicem
847 1795 944 1858 initio
982 1793 1104 1858 saeculi
1144 1793 1250 1875 quinti
1287 1794 1346 1857 tri·

171 1903 252 1967 buat
281 1908 495 1986 (quamquam
525 1927 576 1970 me
607 1906 739 1988 quidem
762 1905 998 1987 indicensque
1022 1903 1064 1967 ad
1088 1902 1255 1967 saeculum
1278 1924 1347 1967 sex·

171 2021 240 2080 tum
271 2017 382 2080 exiens
410 2015 520 2081 redire
547 2022 705 2102 poterat),
736 2039 848 2083 versus
879 2016 993 2100 lecolo
1025 2014 1170 2078 affirmat
1197 2036 1216 2079 a
1239 2013 1346 2079 Theo·

172 2126 269 2208 gnide
291 2147 390 2208 posse
413 2127 563 2191 conditos
587 2149 668 2193 esse.
703 2128 786 2193 Mihi
810 2128 941 2210 quidem
966 2125 1147 2208 disputatio
1170 2125 1240 2189 eius
1263 2123 1346 2187 dilu-

174 2235 247 2300 cide
270 2237 429 2302 instituta
444 2258 579 2319 prorsus
601 2240 777 2322 persuasit.
817 2238 935 2306 Oritici
958 2243 1069 2302 autem
1086 2237 1143 2319 qui
1158 2235 1346 2300 contrariae

170 2347 274 2428 partis
297 2352 375 2412 sunt
395 2348 476 2430 quid
500 2350 618 2414 mirum
636 2351 725 2433 quod
742 2351 951 2416 vehementer
974 2350 1159 2431 repugnant
1179 2354 1212 2411 et
1235 2345 1346 2410 obluc-

170 2456 309 2521 tantur?
354 2459 469 2541 Atque
493 2457 642 2525 Gorsenn
662 2462 718 2526 ille
742 2463 874 2546 quidem
904 2460 1023 2526 artifici
1045 2465 1121 2524 ante
1144 2460 1255 2523 oculos
1278 2479 1346 2521 ver·

170 2573 279 2632 satum
308 2589 380 2634 esse
403 2570 525 2634 conicit
547 2592 680 2637 carmen
705 2574 790 2637 alius
812 2579 930 2656 poetae
959 2571 1157 2655 antiquioris
1166 2619 1174 2651 ,
1205 2568 1346 2632 sortasse

169 2678 367 2761 Mimnermi,
397 2701 438 2744 ex
461 2702 525 2762 quo
549 2683 663 2749 eodem
686 2689 824 2767 uterque
847 2684 939 2747 locus
960 2681 1191 2763 Theognideus
1215 2678 1347 2744 effluxe-

170 2790 215 2856 rit
228 2791 264 2874 8).
316 2790 383 2857 Sed
414 2790 514 2855 fidem
548 2793 618 2859 viro
654 2794 753 2860 docto
784 2794 911 2876 denego
944 2814 1016 2859 cum
1051 2791 1225 2856 consilium
1255 2790 1345 2854 illius

170 2910 381 2984 perspectum
416 2902 567 2968 habeam.
612 2907 658 2971 Elt
688 2927 764 2987 cur,
799 2907 828 2970 si
856 2926 927 2971 rem
955 2903 1148 2987 simpliciter
1179 2901 1346 2984 explicare

170 3033 355 3096 possumus,
378 3035 439 3078 nos
461 3015 526 3097 ipsi
548 3016 767 3099 impediamus
791 3014 971 3080 obstaculis
995 3013 1172 3079 artificiose
1196 3011 1345 3077 obstruc-

169 3124 234 3189 tis?
279 3122 406 3190 (lontra
428 3125 576 3209 Hiller4)
606 3128 747 3210 primum
770 3125 900 3191 dubitat
923 3130 1076 3190 cantetne
1099 3125 1149 3188 vir
1171 3123 1345 3188 convivans

170 3255 212 3298 an
232 3235 396 3318 loquatur.
442 3234 542 3302 Certe
564 3244 693 3314 cantat,
724 3259 799 3303 nam
830 3237 986 3321 quoniam
1015 3236 1184 3318 loquentes
1215 3254 1250 3298 os
1280 3254 1345 3299 non

170 3346 218 3409 ite
238 3347 379 3412 multum
402 3349 585 3430 aperimus,
616 3370 710 3414 nemo
741 3348 830 3431 quod
855 3349 956 3413 sciam
986 3349 1094 3432 pictor
1116 3367 1271 3412 vesorum
1292 3344 1347 3409 fic·

169 3455 285 3537 tilium,
302 3465 478 3541 quoerant
495 3458 614 3525 Graeci
630 3459 752 3524 talibus
770 3461 805 3524 in
820 3459 919 3524 rebus
934 3459 1065 3541 iudicio,
1089 3459 1172 3524 adeo
1184 3459 1346 3523 infacetus

259 3721 280 3789 ¹)
298 3719 425 3790 Excepto
443 3738 506 3788 uno,
525 3721 586 3775 XII
602 3725 662 3788 230,
681 3722 755 3790 quod
772 3723 842 3776 nihil
860 3722 896 3776 ad
913 3740 980 3777 rem.
1000 3723 1091 3776 (louet
1107 3741 1134 3792 p.
1153 3723 1211 3774 281.

256 3805 280 3875 ¹)
299 3804 414 3861 mittat.
432 3807 477 3863 des
495 3810 586 3864 athen.
599 3807 734 3863 Instituta
752 3807 796 3862 IX
815 3810 907 3878 (1884)
925 3827 952 3877 p.
967 3811 980 3861 1
994 3825 1062 3877 sqq„
1080 3806 1136 3859 tab.
1151 3808 1164 3858 1
1184 3804 1261 3872 (inde
1273 3804 1345 3857 Bau·

170 3891 285 3944 meister
303 3891 472 3947 Dentmdler
489 3893 535 3948 dea
551 3894 632 3948 tlara.
650 3893 750 3948 Attcrt.
769 3893 818 3947 HI
837 3911 862 3962 p.
883 3895 968 3962 1984).

258 3977 280 4045 ⁸)
301 3975 365 4031 Vid.
383 3995 409 4046 p.
427 3980 468 4031 22.
505 3979 569 4032 Hoc
587 3979 660 4032 enim
679 3978 791 4032 videtur
809 3978 901 4032 dicere
919 3978 1005 4044 velle;
1023 3977 1107 4032 verba
1126 3976 1184 4029 eius
1196 3991 1251 4028 non
1264 3974 1346 4042 plane

169 4062 317 4131 perspicue
333 4067 405 4117 sunt.

255 4147 279 4215 ⁴)
298 4148 453 4204 Jatracer.
478 4151 501 4217 f.
526 4149 607 4204 llaec.
632 4149 731 4204 Attert.
757 4151 824 4203 1888
846 4167 873 4218 p.
900 4150 949 4202 157
973 4165 1013 4216 sq.
1038 4180 1069 4187 -
1089 4146 1132 4201 De
1156 4147 1277 4216 imagine
1300 4161 1344 4213 sp.

168 4231 314 4287 Risinium
332 4233 512 4304 Euphronius
529 4253 556 4304 p.
574 4237 608 4288 98
626 4239 709 4289 errat.
