3030 4846
653 273 870 332 ..33-

169 487 223 529 w.
245 467 343 530 ³⁰12
360 474 578 548 pnecrpun
597 463 682 528 dut
700 465 882 546 npientise
902 474 972 530 tu
992 464 1131 535 divinae.
1152 473 1192 532 ut
1212 486 1274 551 ego
1296 488 1348 533 me

170 598 239 640 non
258 576 450 659 perspicere
472 575 592 639 fatear.
635 573 789 658 Namque
813 586 851 640 ut
878 575 977 641 rerba
999 575 1041 640 de
1061 577 1165 641 serris
1186 592 1220 642 et
1238 579 1349 662 operis

168 688 286 771 aliquo
305 685 405 751 nodo
428 685 570 768 intelligi
596 696 756 768 possunt.
783 687 833 751 ita
850 708 917 751 nou
939 686 982 752 de
1003 686 1120 751 ricinis
1142 707 1226 770 quos
1248 698 1349 771 poeta

171 797 294 863 acerbe
322 804 357 861 et
386 797 526 860 comiter
547 798 688 861 macuti
719 795 822 861 iubet
864 795 941 862 Hoc
963 810 997 862 et
1017 796 1109 881 quod
1128 817 1241 863 rocem
1263 821 1296 881 q.
1318 821 1348 864 e.

167 905 334 991 ἇρωλέος
352 907 507 990 primitur
527 907 563 970 in
584 906 693 971 locum
713 906 913 973 interiorem.
935 928 1002 973 non
1022 909 1225 991 superiorem
1245 910 1349 993 scrip·

170 1028 241 1083 tan
261 1024 411 1101 apparet.
433 1039 488 1082 ue
510 1026 645 1082 movent
666 1026 705 1082 ut
725 1040 774 1083 rr.
791 1023 885 1083 301'2
907 1017 1079 1102 perediam
1099 1039 1173 1084 esee
1194 1039 1348 1084 uersuum

170 1130 250 1194 libri
268 1135 300 1203 a,
325 1150 390 1193 non
411 1129 564 1207 vicissim,
586 1149 647 1211 pro
668 1136 761 1193 certo
780 1129 984 1212 affirmem¹l

258 1241 308 1306 Ut
328 1241 474 1305 breviter
502 1259 588 1323 quae
612 1239 721 1304 adhuc
741 1241 919 1306 statuimus
941 1240 1146 1323 colligemus
1174 1261 1346 1324 quoscum·

168 1373 238 1435 qne
257 1351 350 1414 locos
373 1351 497 1416 similes
510 1349 726 1432 contemplati
746 1372 869 1419 sumus.
891 1352 1004 1434 opinio
1023 1351 1083 1414 illa
1100 1349 1143 1415 de
1163 1351 1348 1417 imitatione

169 1468 206 1526 et
227 1460 372 1544 parodia
402 1481 488 1524 rana
516 1460 681 1543 deprensa
710 1470 772 1525 est.
815 1458 938 1526 Dices:
961 1460 1002 1525 de
1024 1460 1159 1542 singulis
1180 1461 1263 1526 locis
1284 1460 1349 1527 lor·

168 1580 262 1638 tasse
281 1572 473 1647 concedam
494 1570 554 1635 sed
576 1592 737 1634 summam
757 1573 919 1654 respicere
939 1578 1085 1654 oportet
1107 1580 1208 1654 atque
1227 1572 1348 1637 librum

169 1692 278 1749 totum
307 1684 390 1748 locis
422 1690 551 1747 scatere
583 1683 641 1763 qui
671 1681 792 1763 legenti
821 1681 942 1747 librum
971 1683 1112 1765 primum
1142 1684 1175 1746 in
1207 1692 1347 1749 mentem

170 1801 327 1860 revocent
359 1813 425 1856 non
455 1792 602 1875 negabis
654 1793 703 1856 At
729 1792 811 1857 nihil
839 1793 915 1857 inde
944 1793 1105 1874 sequitur.
1157 1792 1349 1859 Similitudo

169 1907 259 1971 enim
281 1925 380 1987 quam
401 1903 505 1967 babet
526 1902 694 1986 appendix
713 1923 787 1966 cum
809 1901 894 1966 libro
913 1927 945 1975 α,
967 1922 1031 1967 non
1053 1903 1158 1967 maior
1178 1912 1229 1968 est
1250 1926 1348 1986 qutun

169 2036 257 2100 quac
282 2018 317 2079 in
346 2014 431 2079 libro
462 2015 570 2096 primo
599 2015 672 2096 ipso
700 2015 787 2078 inter
816 2012 999 2095 permultos
1028 2013 1123 2078 locos
1156 2011 1343 2078 intercedit.

170 2125 271 2210 Quod
284 2131 395 2190 autem
412 2124 547 2188 omnino
568 2124 750 2189 similitudo
773 2123 858 2188 libro
875 2128 899 2206 β
916 2145 990 2189 cum
1008 2124 1119 2208 priore
1140 2123 1349 2190 intercedens

167 2236 333 2315 cernitur,
365 2255 445 2299 casu
466 2234 593 2299 lactum
614 2243 665 2300 est
691 2243 724 2301 et
752 2236 927 2319 iniquitate
948 2243 1152 2319 temporum,
1181 2257 1248 2320 qua
1274 2257 1348 2320 per·

170 2368 310 2429 magnus
332 2367 490 2411 numerus
518 2367 668 2411 versuum
691 2345 978 2429 Theognideorum
1001 2347 1094 2413 nobis
1116 2355 1264 2413 servatus
1288 2356 1347 2429 est,

170 2479 237 2523 non
266 2457 346 2522 item
376 2455 517 2538 cattini,
549 2455 759 2537 Archilochi,
790 2456 942 2541 Tyrtaei,
978 2459 1181 2535 Mimnermi,
1209 2458 1348 2526 Solonis.

168 2566 265 2650 Quos
293 2574 411 2650 poetas
441 2567 469 2630 si
497 2569 646 2647 integros
676 2566 710 2630 in
739 2568 891 2633 manibus
921 2568 1116 2635 haberemus
1145 2576 1204 2633 aut
1231 2570 1348 2636 saltem

169 2679 328 2744 maiorem
350 2683 481 2761 partem
502 2698 666 2756 versuum,
696 2698 761 2742 non
785 2677 900 2745 dubito
920 2680 999 2762 quin
1022 2701 1177 2746 numerus
1199 2680 1347 2746 locorum

169 2789 328 2854 similium
357 2795 391 2853 ct
422 2790 675 2871 congruentium
703 2792 798 2872 quasi
823 2792 856 2854 in
887 2791 1083 2855 immensum
1115 2798 1291 2872 augeretur
1313 2800 1345 2857 et

168 2899 279 2964 omnis
301 2899 360 2964 illa
378 2899 466 2966 falsa
490 2902 602 2984 opinio
626 2900 810 2966 tolleretur.

255 3008 377 3074 Altera
399 3033 501 3077 causa
529 3033 596 3095 qua
617 3011 800 3076 adversarii
823 3009 1020 3075 sententiam
1043 3031 1136 3075 suum
1158 3011 1347 3078 confirmari

168 3119 387 3202 arbitrantur,
418 3128 470 3186 est
496 3122 586 3205 quod
616 3117 758 3188 disticha
786 3128 858 3187 tota
880 3121 958 3185 libri
989 3121 1103 3205 primi,
1142 3123 1168 3186 si
1203 3142 1287 3205 quae
1313 3123 1347 3187 iu

167 3227 314 3313 lhyclcov
334 3233 625 3315 drepetunturll),
653 3235 701 3299 ita
730 3232 894 3299 collocata
925 3253 996 3297 csse
1026 3231 1213 3315 videantur,
1245 3240 1283 3299 ut
1314 3236 1345 3300 iu

168 3361 301 3406 sensum
323 3344 485 3409 eroticum
507 3342 700 3427 accipienda
723 3345 798 3425 sint,
831 3365 903 3409 cum
926 3344 973 3410 eis
996 3345 1147 3428 primitus
1172 3342 1251 3408 nihil
1275 3364 1346 3409 ero·

169 3451 228 3517 tici
256 3454 352 3533 insit3
382 3454 468 3518 unde
500 3456 604 3537 magis
635 3454 765 3520 elucere
795 3455 1010 3538 appendicem
1042 3477 1124 3539 opus
1151 3477 1223 3521 osse
1251 3457 1345 3521 unius

168 3563 231 3627 riri
254 3565 311 3646 qui
334 3564 497 3649 syllogam
526 3571 673 3631 nostram
700 3568 839 3649 primam
861 3568 894 3629 in
917 3565 1068 3630 manibus
1091 3566 1254 3631 habuerit.
1303 3565 1345 3633 Ut

168 3671 318 3760 Hillerss)
347 3683 480 3758 poetam
508 3682 606 3760 putat
629 3698 703 3742 cum
724 3700 771 3743 vv.
794 3677 906 3759 1101s2
929 3682 1006 3759 post
1027 3699 1074 3741 vv.
1098 3680 1179 3742 1275
1194 3681 1267 3740 -78
1289 3677 1346 3742 ito·

165 3933 168 3937 ·
257 3897 279 3966 ¹)
297 3895 377 3950 Haec
396 3897 481 3951 etiam
499 3896 652 3967 Hartungii
670 3898 807 3952 sententie
827 3901 869 3951 est
887 3897 934 3965 (ad
953 3916 979 3951 v.
997 3899 1069 3963 301).

166 4025 169 4030 .
256 3981 425 4051 ⁹)Disticha
448 3983 477 4036 in
502 3983 575 4036 libro
602 3989 621 4048 β
643 3985 744 4036 iterata
763 3983 880 4036 collecta
905 3982 990 4034 hebes
1008 3981 1084 4049 apud
1103 3980 1346 4036 Schneidewinurn

167 4065 187 4121 l.
206 4084 228 4120 c.
247 4085 274 4136 p.
292 4069 334 4122 37.
371 4067 413 4122 Of.
433 4068 558 4122 Oorsenn
576 4086 602 4136 p.
622 4070 732 4133 35-37,
752 4067 886 4122 Schccfer
904 4085 930 4134 p.
949 4069 983 4119 33
1001 4082 1070 4133 sqq,
1090 4067 1181 4120 Gruuer
1193 4066 1264 4119 Phil.
1281 4068 1342 4120 1891

168 4169 195 4221 p.
214 4152 265 4206 642
283 4169 341 4221 sqq.

188 4251 189 4255 ’
254 4237 277 4307 ⁸)
297 4237 394 4294 Jahrb.
412 4238 437 4305 f.
455 4237 537 4292 blase.
553 4239 631 4295 Phil.
650 4240 715 4294 1881
735 4256 761 4307 p.
772 4239 830 4291 450.
909 4263 910 4266 ¹

1177 4326 1193 4375 'd
