3036 4844
656 279 871 338 ..33-

180 492 225 535 vv.
248 470 342 556 selle
362 474 578 554 praeceptum
600 469 682 534 dant
704 469 883 553 sapientiae
904 475 973 536 tam
995 471 1133 554 divinae,
1155 477 1193 538 ut
1215 493 1275 556 ego
1298 493 1350 538 me
1465 557 1467 562 .

180 603 239 646 non
260 581 450 665 perspicere
474 580 592 646 fatear.
637 579 790 664 Namque
815 588 853 646 ιιι
880 581 980 648 verba
1003 581 1043 646 de
1065 582 1167 647 servis
1189 589 1223 648 et
1242 584 1350 667 operis

176 691 405 777 aliquomodo
431 692 570 775 intelligi
598 697 757 775 possunt,
786 691 835 758 ite
853 713 919 758 non
943 692 983 758 de
1006 692 1122 757 vicinis
1146 714 1228 776 quos
1251 700 1351 777 poete

178 803 293 869 acerbe
324 807 358 867 et
388 802 526 868 comiter
549 803 689 868 tractari
721 802 823 869 iubet.
866 802 943 868 Hoc
966 809 999 869 et
1021 803 1112 887 quod
1131 823 1243 868 vocem
1267 826 1298 887 q.
1322 827 1349 870 e.

172 910 334 998 ἁρπαλέος
354 913 507 996 primitus
529 912 563 978 in
586 913 694 979 locum
716 913 914 994 inferiorem,
937 935 1003 979 non
1026 914 1226 998 superiorem
1248 915 1351 998 scrip·

174 1030 241 1089 tam
263 1029 411 1108 apparet,
436 1045 488 1090 me
513 1032 646 1091 movent
668 1031 706 1090 ιιι
728 1048 775 1092 vv.
794 1027 885 1110 30111
909 1024 1081 1109 perediam
1103 1046 1174 1090 esse
1196 1046 1350 1089 versuum

175 1135 300 1216 librili,
327 1157 391 1201 non
414 1135 564 1217 vicissim,
587 1157 648 1219 pro
671 1142 761 1201 certo
783 1136 941 1202 affirmem
952 1136 985 1219 1).

259 1247 308 1312 Ut
331 1247 474 1312 breviter
505 1267 589 1330 quae
614 1247 722 1312 adhuc
744 1248 920 1312 statuimus
944 1247 1147 1329 colligamus,
1178 1268 1348 1330 quoscum-

172 1378 238 1440 que
259 1357 351 1422 locos
375 1359 497 1423 similes
513 1357 726 1440 contemplati
748 1379 870 1437 sumus,
894 1358 1005 1441 opinio
1025 1357 1084 1422 ille
1104 1356 1144 1422 de
1165 1357 1350 1423 imitatione

172 1473 206 1533 et
229 1467 372 1551 parodia
403 1489 488 1532 vana
519 1467 681 1551 deprensa
712 1473 772 1532 est.
816 1465 939 1533 Dices:
963 1467 1004 1532 de
1027 1468 1161 1549 singulis
1183 1468 1265 1532 locis
1286 1467 1350 1533 for-

172 1585 262 1644 tesse
283 1579 473 1657 concedam,
497 1578 555 1644 sed
579 1599 738 1642 summam
759 1580 920 1662 respicere
942 1583 1086 1661 oportet,
1110 1586 1210 1662 atque
1230 1578 1350 1644 librum

173 1697 278 1756 totum
309 1691 390 1755 locis
424 1695 551 1755 scatere
585 1690 642 1771 qui
672 1689 793 1771 legenti
823 1689 943 1755 librum
973 1689 1114 1772 primum
1144 1691 1177 1752 in
1209 1698 1350 1755 mentem

173 1807 328 1866 revocent
360 1820 424 1863 non
456 1798 603 1882 negabis.
655 1800 704 1864 At
730 1800 812 1864 nihil
841 1800 916 1865 inde
947 1799 1107 1880 sequitur.
1160 1799 1350 1865 Similitudo

171 1913 260 1977 enim
283 1931 380 1994 quem
403 1909 505 1974 habet
528 1909 695 1993 appendix
716 1931 787 1975 cum
810 1908 896 1974 libro
916 1934 946 1990 α,
969 1930 1033 1973 ιιοιι
1056 1909 1159 1973 maior
1182 1917 1231 1974 est
1252 1932 1350 1993 quam

172 2043 257 2106 quee
284 2024 318 2085 in
347 2020 431 2086 libro
464 2021 570 2103 primo
601 2021 673 2104 ipso
701 2022 788 2085 inter
818 2019 1000 2103 permultos
1031 2020 1124 2084 locos
1158 2018 1345 2083 intercedit.

173 2131 270 2217 Quod
286 2137 395 2221 antem
413 2130 548 2196 omnino
570 2131 752 2197 similitudo
775 2131 859 2195 libro
878 2135 900 2214 β
918 2152 991 2196 cum
1010 2131 1120 2214 priore
1142 2130 1351 2195 intercedens

170 2243 333 2323 cernitur,
366 2261 445 2307 casu
467 2241 593 2306 factum
616 2249 666 2308 est
693 2248 725 2307 et
754 2243 929 2326 iniquitate
950 2248 1154 2326 temporum,
1185 2263 1250 2326 qua
1277 2263 1350 2325 per·

172 2374 310 2435 magnus
334 2374 490 2418 numerus
519 2373 669 2418 versuum
693 2351 980 2436 Theognideorum
1003 2355 1096 2420 nobis
1119 2360 1266 2419 servatus
1290 2361 1349 2436 est,

172 2485 236 2530 non
267 2464 346 2529 item
377 2462 518 2544 Gallim,
550 2462 760 2543 Archilochi,
792 2463 943 2546 Tyrtaci,
980 2465 1183 2543 Mimnermi,
1212 2464 1350 2532 Solonis.

170 2572 264 2656 Quos
293 2580 412 2658 poetas
443 2573 470 2638 si
499 2576 647 2654 integros
677 2572 711 2636 in
741 2575 892 2639 manibus
922 2575 1118 2641 haberemus
1148 2580 1206 2639 aut
1233 2576 1351 2641 saltem

171 2685 329 2750 maiorem
350 2690 481 2769 partem
504 2704 667 2763 versuum,
698 2706 763 2749 non
787 2684 902 2751 dubito
922 2686 1001 2768 quin
1024 2707 1179 2751 numerus
1201 2686 1349 2751 locorum

169 2796 328 2861 similium
359 2801 392 2861 et
423 2797 676 2879 congruentium
705 2799 799 2880 quasi
824 2799 858 2861 in
889 2798 1085 2860 immensum
1117 2804 1293 2878 augeretur
1315 2804 1348 2862 et

170 2904 280 2970 omnis
302 2905 361 2970 ille
380 2905 467 2972 false
492 2909 603 2991 opinio
627 2908 811 2973 tolleretur.

256 3015 378 3080 Altera
401 3039 502 3083 cause
531 3039 597 3102 qua
619 3019 801 3083 adversarii
824 3016 1021 3081 sententiam
1045 3038 1139 3080 suam
1161 3016 1349 3083 confirmari

170 3125 389 3209 arbitrantur,
420 3134 471 3193 est
498 3128 587 3212 quod
617 3124 759 3195 disticha
788 3134 859 3193 tota
882 3126 960 3191 libri
991 3128 1105 3211 primi,
1145 3129 1170 3192 si
1206 3129 1349 3210 quaein

168 3233 315 3320 c'ieyetwr
336 3245 359 3320 β
377 3246 574 3322 repetuntur
585 3241 626 3321 ²),
655 3242 702 3305 ita
732 3238 896 3306 collocata
927 3259 998 3304 esse
1027 3238 1215 3321 videantur,
1247 3245 1285 3304 ut
1316 3242 1348 3305 in

169 3367 302 3413 sensum
325 3350 486 3415 creticum
509 3351 701 3434 accipienda
725 3353 800 3432 sint,
833 3371 904 3415 cum
928 3350 975 3415 eis
998 3352 1149 3434 primitus
1174 3349 1254 3413 nihil
1277 3370 1348 3420 ero,-

170 3458 229 3524 tici
257 3460 353 3539 insit;
384 3460 470 3525 unde
501 3463 606 3544 magis
637 3462 767 3528 elucere
798 3460 1012 3544 appendicem
1044 3484 1126 3545 opus
1154 3483 1225 3526 esse
1252 3463 1348 3526 unius

169 3569 232 3634 riri
256 3572 312 3653 qui
335 3570 498 3656 syllogam
527 3578 675 3638 nostram
702 3575 842 3656 primam
862 3574 895 3636 in
919 3572 1071 3636 manibus
1094 3572 1256 3637 hebuerit.
1305 3572 1349 3638 Ut

169 3678 319 3766 Hiller⁸)
349 3688 482 3764 poetam
510 3690 608 3767 putat
631 3706 705 3749 cum
726 3707 772 3749 vv.
795 3682 908 3765 lldlsd
931 3689 1008 3765 post
1028 3705 1076 3746 vv.
1100 3687 1181 3746 1275
1196 3687 1269 3745 -78
1290 3683 1349 3746 ite·

258 3903 280 3971 1)
299 3902 379 3957 Heec
398 3904 483 3956 etiam
501 3903 654 3974 Hartungii
672 3905 808 3958 sententie
829 3908 870 3957 est
888 3904 937 3972 (ad
955 3923 981 3958 v.
1000 3903 1072 3969 301).
1186 3955 1188 3958 .

167 4031 170 4035 .
257 3987 427 4057 ¹)Disticha
450 3990 480 4042 in
504 3990 576 4044 libro
604 3995 623 4055 β
644 3991 746 4043 iterata
765 3990 881 4043 collecta
907 3989 992 4040 habes
1011 3986 1086 4054 apud
1105 3985 1349 4040 Schneidewinum

168 4072 188 4127 l.
207 4091 230 4127 c.
248 4093 275 4143 p.
294 4074 335 4129 37.
373 4074 415 4128 of.
435 4074 560 4129 Oorsenn
578 4094 604 4144 p.
623 4077 734 4140 35-37,
753 4074 888 4128 Schaefer
906 4091 932 4141 p.
951 4075 985 4126 33
1003 4088 1072 4138 sqq,
1092 4071 1183 4125 Gener
1195 4071 1266 4124 Phil.
1282 4073 1347 4124 1891

170 4176 196 4228 p.
215 4159 267 4213 642
284 4176 342 4228 sqq.
517 4176 520 4182 ·

256 4243 279 4313 ⁸)
298 4243 397 4300 ,saure
414 4245 439 4311 s.
458 4244 539 4300 blase.
560 4245 632 4301 Phil.
652 4247 717 4301 1881
736 4263 762 4313 p.
774 4245 832 4298 450.
911 4269 912 4273 .

1180 4330 1196 4381 3
