3036 4844
655 269 853 328 ,9-

167 461 281 546 epaon,
309 477 396 541 quae
422 459 586 541 Bergkius
615 475 636 525 a
663 463 849 525 correctore
879 475 1054 539 perperam
1080 474 1140 538 pro
1169 455 1193 517 οἳ
1221 454 1273 520 vel
1301 454 1342 516 τοὶ

168 583 215 639 νῦν
243 575 427 642 substituta
453 593 525 642 esse
553 574 708 656 putabat,
738 573 903 640 contrario
930 572 1060 639 nom'me
1088 571 1241 654 opposita
1268 588 1342 637 esso

169 691 279 759 verbis
301 709 422 758 versus
445 696 503 757 54:
539 689 563 752 οἳ
590 690 690 776 πρόσθ’
717 709 799 771 eq.
824 709 849 756 s.
901 689 951 756 At
984 694 1060 771 post
1092 707 1226 755 versum
1256 691 1342 753 1108

169 809 253 874 haee
275 806 420 873 dietieha
441 806 503 872 hoo
526 805 622 871 modo
647 805 779 873 variata
801 812 892 873 sunt:

320 920 421 1008 Kipo'‚
444 921 468 982 οἱ
489 921 590 1007 πρόσθ’
615 920 716 1004 ἀραθυὶ
737 927 785 983 νῦν
809 919 845 984 αὖ
867 921 957 996 κακυνζ
980 921 1004 982 οἱ
1026 919 1058 984 δὲ
1080 919 1161 983 κακοὶ
1182 919 1243 1006 πρὶν

321 1042 369 1099 νῦν
394 1037 506 1119 ἀγαθοὶ·
530 1038 573 1106 τίς
594 1035 642 1098 κέν
666 1036 744 1098 ταῦτ’
769 1036 890 1123 ἀνέχοιτ’
915 1035 1032 1122 ἐσορῶν,

189 1217 192 1225 ,
322 1151 389 1223 τοὺς
412 1149 537 1235 ἀραθυὺς
559 1150 610 1234 μὲν
635 1151 825 1238 ἀτιμοτέρους,
847 1153 961 1222 κακίους
982 1149 1014 1213 δὲ
1036 1151 1181 1238 λαχόντας

322 1277 421 1355 τιμήςς
445 1268 595 1352 properata
619 1266 681 1331 δ’ἐκ
702 1274 790 1330 κακοῦ
814 1267 920 1338 ἐσθλὸς
943 1270 1025 1354 ἀνήρ.

324 1384 474 1470 ἀλλήλους
496 1384 690 1454 δ’ἀπατὼντες
713 1383 757 1446 ἐπ’
782 1383 935 1469 ἀλλήλοισι
958 1382 1089 1466 γελῶσιν,

222 1580 226 1588 Ι
323 1499 381 1567 οὐτ’
406 1500 523 1583 ἀμαθῶν
547 1503 662 1584 μνήμην
686 1499 791 1570 εἰδότες
813 1499 877 1562 οὔτε
899 1504 1004 1563 κακῶν.

261 1635 371 1718 Quam
406 1633 499 1699 varie
533 1651 651 1700 versus
686 1632 753 1698 sint
785 1624 951 1699 immutati
990 1637 1140 1715 apparet,
1207 1632 1348 1715 Legenti

178 1750 254 1817 mihi
282 1756 316 1817 et
336 1749 474 1835 Bergkii
503 1748 748 1816 adnotationem
774 1748 816 1816 an
838 1768 871 1815 v.
896 1753 1028 1814 53—60
1052 1753 1086 1814 et
1108 1747 1348 1815 Sehneidewini

177 1867 342 1949 copiosam
367 1865 621 1948 disputationem
645 1863 815 1932 offensioni
849 1864 925 1946 suit,
961 1865 1047 1947 quod
1075 1869 1214 1947 uterque
1237 1864 1348 1930 oansis

176 1987 234 2049 aut
259 1982 360 2049 nullis
384 1987 442 2048 aut
469 2000 533 2047 non
561 1981 643 2048 satis
677 1980 802 2047 idoneis
831 1979 951 2047 additis
986 1978 1129 2062 priorem
1163 1981 1272 2045 looum
1307 1998 1349 2044 ex

177 2097 316 2179 repetito
342 2097 377 2163 in
405 2103 514 2164 artum
548 2116 620 2163 esse
654 2097 825 2163 redactum
862 2096 1049 2178 confirmat,
1084 2096 1220 2178 proinde
1254 2093 1350 2177 quasi

180 2233 237 2294 per
258 2232 294 2281 se
317 2213 388 2280 fieri
411 2233 476 2280 non
499 2212 614 2295 possit
649 2219 687 2279 ut
710 2214 795 2279 alter
818 2213 911 2278 loeus
934 2231 975 2279 ex
998 2211 1107 2296 priore
1131 2230 1196 2305 uno
1231 2219 1349 2280 auctus

183 2328 316 2396 distioho
353 2329 521 2396 derivatus
550 2328 604 2396 eit.
656 2329 753 2413 Quod
786 2328 834 2395 ita
866 2348 939 2396 esse
967 2348 1019 2395 me
1046 2329 1350 2397 demonstraturum

182 2464 283 2528 spero.
315 2478 318 2484 ·
354 2445 418 2529 Qui
453 2448 594 2513 alterum
633 2447 742 2525 looum
782 2445 936 2528 contenit,
983 2446 1055 2512 sive
1100 2446 1187 2528 quod
1215 2447 1293 2509 τοῦτ’
1318 2446 1350 2516 in

178 2581 276 2630 versu
300 2568 343 2628 58
367 2561 481 2628 eodem
504 2562 615 2644 modo,
640 2581 704 2644 quo
727 2563 806 2624 ταῦτ’
830 2562 862 2628 in
886 2581 985 2630 versu
1010 2567 1052 2628 99

428 2725 471 2733 -
494 2725 538 2734 -·
562 2687 596 2749 σὺ
620 2687 651 2750 δέ
675 2710 730 2769 μοι,
753 2687 829 2774 plis,
852 2689 930 2750 ταῦτ’
956 2686 995 2749 ἐνὶ
1017 2687 1103 2772 θυμῷ

560 2798 673 2880 φράζεο

181 2922 296 3003 adea,
325 2938 409 3002 quae
432 2918 645 3000 antecedunt,
681 2918 848 3001 pertinens
872 2936 937 2984 non
959 2917 1137 2999 intellexit,
1172 2918 1242 2984 sive
1265 2919 1352 2999 quod

180 3037 258 3119 quid
281 3041 395 3118 posset
415 3037 557 3118 probare
571 3033 678 3103 voluit
696 3034 782 3101 inter
804 3032 948 3116 primum
971 3041 1005 3100 et
1027 3035 1167 3101 alternm
1191 3033 1353 3100 distichon

182 3154 265 3219 duos
299 3170 417 3218 versus
451 3151 604 3234 inseruit,
635 3150 794 3239 ¹imperite
833 3152 949 3232 atque
968 3149 1085 3217 inseite
1120 3149 1162 3216 ad
1197 3168 1353 3216 versuum

182 3267 466 3352 Theognideornm
490 3270 659 3350 exemplar
682 3267 801 3350 iaotoe3
825 3267 865 3334 of.

182 3415 214 3460 v.
240 3399 304 3458 666
346 3472 347 3476 ¹
463 3431 504 3440 —-
528 3392 575 3455 καὶ
598 3401 701 3478 τιμῆς
722 3392 769 3455 καὶ
791 3393 896 3463 κακὸς
918 3391 958 3454 ὢν
982 3391 1120 3478 ἔλαχεν,

183 3593 214 3638 v.
242 3577 311 3637 186·
462 3608 506 3617 -
528 3577 616 3655 γῆμαι
639 3569 671 3633 δὲ
694 3570 786 3654 κακὴν
808 3575 896 3632 κοοτοῦ
920 3568 951 3631 οὐ
976 3567 1133 3651 μελεοοίνεο

535 3685 663 3756 ἐσθλὸς
690 3686 777 3772 ἀνήρ

187 3887 218 3933 v.
244 3871 310 3931 234
472 3904 515 3912 —
540 3864 639 3949 ολὲρης
661 3871 765 3948 τιμὴς
787 3863 909 3950 ἔμμορεν
935 3861 1062 3933 ἐσθλὸς
1084 3860 1183 3947 ἀνὴρ]

188 4065 219 4110 v.
247 4048 310 4110 190
333 4083 377 4091 -
400 4082 443 4090 —
466 4043 579 4106 -καὶ
604 4040 639 4105 ἐκ
661 4047 768 4104 κακοῦ
792 4038 922 4112 ἐσθλὸς
945 4040 1057 4124 ἐρημεν.

188 4177 328 4246 Aeeedit
354 4177 442 4259 quod
469 4179 512 4244 ab
540 4178 603 4244 hoe
629 4177 702 4243 looo
730 4175 925 4260 opprobium
952 4174 986 4240 in
1014 4193 1052 4241 eo
1081 4172 1240 4256 positum,
1273 4169 1360 4254 quod

188 4293 266 4362 boni
281 4295 445 4361 malornm
465 4293 552 4361 filias
568 4312 690 4360 uxores
706 4292 839 4373 ducant,
855 4292 952 4374 plane
969 4289 1113 4356 alienum
1129 4294 1181 4355 est
1195 4288 1362 4368 verbaque

189 4412 263 4493 ipsa
295 4429 360 4478 non
389 4408 545 4494 genuina,
573 4409 632 4476 sed
660 4428 701 4475 ex
728 4414 846 4490 poetae
877 4406 1022 4475 flosculis
1051 4406 1207 4488 decerpta
1245 4423 1361 4487 parum
