3030 4846
662 238 871 297 „30-

181 430 319 515 (μροούνη
335 428 459 513 Theog.
479 433 559 508 7123
582 426 766 514 ιῖπημοσὺνη
781 426 904 510 Theog.
922 434 1000 510 7583
1023 428 1218 517 ἕπιφροσένη
1233 433 1362 519 Theog.

184 543 284 617 11003
308 539 466 625 ἱπποσένη
489 540 568 606 Sim.
590 540 627 604 O.
650 544 721 617 108,
743 540 810 622 2¹).

265 650 424 715 Fortasse
455 672 529 715 enm
560 652 615 732 qni
646 651 726 714 haec
755 650 849 732 legit,
879 649 1016 715 offendit
1041 653 1122 717 haee
1155 654 1360 721 abundantia

179 780 262 842 mea,
293 762 349 825 ubi
378 782 485 844 pauca
515 760 665 843 exempla
696 762 776 825 satis
801 784 872 826 esse
899 770 1004 844 putes.
1039 754 1166 846 'Neque
1188 785 1265 831 vero
1296 768 1360 832 hoo

179 873 249 937 sine
266 893 367 936 causa
387 871 481 936 facio.
522 872 596 936 Iam
619 874 704 935 enim
725 875 819 954 quasi
837 894 877 938 ex
893 879 1036 955 angusto
1053 875 1126 939 sinn
1146 874 1359 959 Theognideo

179 981 275 1047 nobis
296 981 445 1046 videmur
466 984 498 1045 in
525 1002 616 1046 mare
636 982 737 1046 altum
762 985 904 1065 provecti
926 1005 997 1048 esse
1021 990 1055 1049 et
1076 984 1177 1049 litora
1201 1008 1268 1051 non
1290 989 1358 1053 iam

179 1095 375 1176 conspicere.
423 1093 645 1176 Intelligimus
667 1093 749 1157 illud
768 1094 809 1159 de
832 1115 897 1176 quo
922 1097 1047 1176 agimus
1081 1097 1252 1178 proprium
1285 1119 1357 1165 esse

178 1205 321 1269 omnium
345 1204 669 1288 elegiographorum3
695 1226 759 1286 quo
783 1206 885 1286 magis
907 1205 1037 1269 illorum
1061 1208 1224 1272 sententia
1246 1208 1358 1273 redar-

181 1317 293 1398 guitur
316 1317 371 1398 qui
393 1322 525 1397 poetam
549 1322 698 1379 nostrum
723 1315 802 1379 furti
825 1315 1025 1380 insimulant.

262 1424 565 1489 Adhibeamusiam
577 1425 750 1490 nonnullas
760 1426 933 1490 verborum
943 1428 1209 1509 compositiones,
1227 1427 1357 1495 Versus

180 1540 348 1599 1323-26
379 1535 489 1601 Couat
518 1535 690 1618 parodiam
721 1536 821 1602 habet
854 1559 1006 1601 versuum
1042 1539 1260 1624 1119-221).
1312 1540 1354 1604 16

176 1653 318 1729 utroque
340 1647 483 1710 carmine
505 1654 638 1729 poetam
654 1647 800 1712 videmus
816 1655 926 1712 votum
949 1648 1067 1724 faeere,
1091 1648 1167 1712 deos
1188 1650 1356 1732 invocare,

175 1756 281 1821 verbis
303 1760 389 1839 μέτρ’
419 1752 498 1843 ἥβης
521 1757 571 1822 vel
596 1753 673 1844 ἥβης
694 1763 805 1840 μέτρον
828 1759 883 1821 uti.
929 1761 978 1822 At
1001 1759 1056 1840 qui
1087 1779 1153 1823 non
1175 1781 1352 1841 praeoccu-

175 1875 256 1951 pata
276 1874 385 1932 mente
409 1869 450 1932 ad
472 1891 538 1933 rem
560 1869 773 1932 iudicandam
794 1869 995 1951 aggreditur,
1020 1869 1181 1933 concedet
1203 1872 1353 1936 similitu·

174 1978 281 2043 dinem
305 1980 357 2042 vix
380 2001 451 2044 esse
473 1981 534 2043 nisi
565 1979 747 2057 verborum,
778 1987 970 2061 argumenta
992 1985 1061 2044 tam
1086 1979 1258 2044 dissimilia
1281 2004 1352 2048 esse

174 2099 211 2155 ut
231 2090 271 2153 de
293 2091 473 2154 imitatione
492 2091 628 2170 cogitari
650 2111 717 2153 non
735 2091 848 2170 possit.
895 2091 1008 2172 Atque
1031 2089 1133 2154 verba
1156 2114 1186 2172 q.
1205 2113 1228 2155 s.
1251 2098 1353 2177 μέτρα

174 2196 258 2286 ἥβης,
283 2221 368 2281 qnae
390 2221 504 2263 ansam
523 2201 713 2281 suspicionis
735 2199 906 2280 dederunt,
926 2201 1140 2264 usitatissima
1155 2208 1241 2283 sunt,
1266 2226 1351 2286 quae

174 2312 280 2394 quivis
303 2316 401 2392 poeta
419 2311 452 2373 in
476 2331 570 2374 suum
587 2329 682 2372 usum
704 2331 822 2374 vocare
840 2312 994 2392 potuerit.
1038 2308 1089 2375 cf.
1112 2311 1211 2376 Hom.
1235 2321 1266 2375 A
1287 2319 1349 2379 225

173 2418 361 2504 611τᾶρὲπεί
381 2418 410 2505 ῥ’
434 2415 510 2506 ἥβης
531 2419 683 2503 ἐρικυδέος
703 2419 785 2485 ἵκετο
809 2427 929 2503 μέτρον,
953 2422 971 2483 λ
995 2427 1066 2497 317,
1097 2443 1117 2484 ο
1140 2427 1211 2498 217,
1240 2449 1259 2486 τ
1286 2430 1351 2488 532

172 2528 249 2620 ἥβης
268 2537 380 2617 μέτρον
401 2531 512 2604 ἵκοντο,
537 2531 657 2608 ἱκάνεις,
681 2531 795 2612 ἱκάνει,
830 2533 937 2615 hymn.
968 2534 1001 2596 in
1026 2533 1098 2599 Car.
1128 2538 1188 2596 166
1213 2539 1347 2616 61221;

171 2643 252 2709 Hes.
281 2665 332 2726 op.
368 2647 427 2706 132
453 2647 580 2722 61438,
612 2642 649 2707 fr.
675 2647 745 2723 100,
777 2649 796 2708 2
824 2644 961 2724 Rzaelr.;
993 2643 1125 2709 Kaibel.
1156 2646 1348 2727 epigramm.

171 2777 277 2839 graec.
296 2758 366 2827 193,
393 2761 410 2819 3
434 2755 479 2831 εἰς
496 2759 594 2836 μέτρα
616 2750 1035 2842 θ’ἥ1η11ηςιὸςᾶνη1γ1όμην;
1061 2756 1174 2838 Eurip.
1197 2756 1350 2823 166354

171 2867 219 2931 σοὶ
241 2864 327 2930 ταῦι’
351 2861 389 2930 ἂν
411 2860 495 2952 ἥβης,
514 2865 605 2948 εἴπερ
627 2856 672 2952 ἦν,
696 2858 781 2944 εἶχεν
803 2872 901 2948 μέτρα
913 2865 946 2948 ³).

256 2977 297 3040 16
334 2978 436 3059 elegia
468 2977 575 3060 Oyrno
614 2977 723 3041 dicata
756 3000 783 3043 v.
821 2981 902 3042 1356
937 2978 1059 3059 legitur
1099 2977 1225 3040 πάντων
1261 2978 1345 3041 τοῦτ’

169 3084 368 3172 ἀνιηρότατον
379 3088 414 3171 ⁴).
461 3088 557 3152 Haeo
587 3088 686 3152 verba
716 3088 768 3152 vel
799 3088 918 3152 similia
940 3094 1115 3152 occurrunt
1145 3111 1162 3150 v
1194 3091 1256 3149 210
1287 3094 1349 3168 (π.)

170 3221 195 3262 τ.
218 3221 258 3279 6.,
285 3201 346 3262 124
368 3205 401 3263 61
423 3204 484 3262 268
514 3223 538 3262 τ.
562 3223 602 3279 oa,
633 3204 696 3262 812
719 3198 880 3282 (adversa)
911 3199 1015 3282 Κύρν’,
1043 3196 1252 3283 ἀνιηρότατον,
1282 3203 1349 3262 696Ι

257 3450 279 3517 ¹)
299 3449 372 3503 Vide
391 3449 643 3519 Kuellanbergium
662 3467 688 3517 p.
706 3451 740 3503 62
758 3466 797 3516 sq.

255 3535 279 3603 1)
298 3535 388 3588 Oouat
405 3554 432 3604 p.
450 3538 514 3588 264:
537 3535 586 3589 ‘uu
608 3551 667 3589 vers
686 3536 758 3588 1326
781 3534 805 3588 16
818 3535 923 3603 11161161
939 3533 1081 3606 μέτρ’ἥβης
1104 3533 1209 3587 τελέσαι
1233 3539 1274 3590 661
1290 3554 1350 3591 666

168 3620 310 3675 mumoniae
331 3620 475 3675 imitation
500 3620 537 3674 dc
559 3637 620 3674 vera
644 3622 713 3674 1119
739 3620 771 3674 de
797 3621 931 3691 Thiopais
955 3620 1018 3686 ἥβης
1041 3624 1144 3692 μέτρον
1163 3619 1266 3686 ἔχοιμί.
1303 3623 1344 3674 Α1

166 3705 283 3775 pluralis
300 3707 360 3775 ipse
378 3707 407 3758 16
424 3705 550 3771 revincit,
569 3706 753 3760 imitationem
777 3723 832 3760 non
851 3724 917 3760 esse.
955 3706 1057 3761 Poetae
1076 3708 1150 3760 enim
1174 3709 1343 3775 antiquiores

166 3791 271 3846 habent
294 3794 405 3862 μέτρον,
429 3791 482 3857 hic,
506 3790 664 3861 Euripides,
690 3795 788 3845 auctor
812 3792 1019 3862 epigrammatis
1043 3809 1086 3860 ap.
1112 3791 1221 3845 Kaibel.
1247 3797 1342 3860 μέτρα.

168 3875 245 3944 Quae
263 3895 308 3932 res
326 3893 398 3946 quae
415 3880 527 3945 poetam
545 3879 671 3931 nostrum
689 3876 840 3931 recentiori
859 3877 944 3931 aetati
955 3876 1098 3931 vindicare
1109 3877 1229 3939 videtur,
1248 3883 1342 3932 tamen

166 3961 246 4015 nobis
263 3980 319 4017 non
338 3963 431 4017 obstat
448 3963 496 4030 qui
514 3962 620 4016 librum
644 3980 679 4016 ex
697 3962 867 4016 carminibus
886 3962 1060 4016 diversorum
1079 3962 1342 4033 elegiographorum

166 4050 349 4116 compositum
368 4050 505 4116 putemus.

253 4132 276 4200 ³)
294 4131 408 4187 Reuner
425 4151 452 4201 p.
469 4134 512 4197 43,
532 4134 579 4186 101
589 4131 614 4186 d.

251 4217 276 4284 ⁴)
295 4216 359 4272 Van
377 4217 426 4271 (161
444 4217 508 4286 May
525 4235 552 4286 p.
572 4219 612 4279 19,
632 4218 666 4271 61.
685 4218 808 4271 Gorsenn
826 4234 853 4285 p.
871 4221 913 4273 21.
