3036 4844
261 1301 380 1367 Studia
395 1323 468 1365 mea
488 1300 528 1364 de
545 1298 736 1380 Theognide
751 1299 785 1362 in
802 1297 910 1362 lucem
925 1295 1114 1380 prolaturus
1129 1298 1219 1363 haud
1235 1299 1350 1380 ignoro

175 1434 274 1494 quam
303 1433 375 1475 rem
404 1410 624 1494 periculosam
653 1410 839 1492 suscipiam.
885 1408 969 1476 Cum
990 1410 1075 1474 enim
1098 1409 1238 1492 sylloge,
1266 1431 1350 1493 quac

175 1521 380 1604 Theognidis
402 1543 522 1586 nomen
549 1542 627 1603 prae
658 1542 693 1584 se
723 1520 832 1585 ferens
852 1520 895 1584 ad
913 1543 973 1585 nos
994 1522 1159 1603 pervenit,
1189 1528 1256 1586 tam
1280 1544 1350 1588 cor·

173 1639 272 1715 rupta
289 1637 323 1696 et
339 1631 528 1694 disturbata
550 1632 601 1709 sit,
621 1635 671 1693 tot
691 1649 744 1693 ros
763 1629 803 1694 de
824 1652 863 1694 ea
881 1632 1036 1711 incertae,
1061 1653 1133 1694 oum
1155 1640 1225 1698 tam
1247 1635 1351 1700 multa·

176 1764 195 1805 a
226 1743 304 1805 viris
336 1741 441 1804 doctis
472 1740 513 1803 de
540 1740 639 1804 rebus
665 1738 730 1803 illis
762 1741 886 1822 scripta
915 1742 997 1821 sint,
1026 1744 1211 1806 sententiae
1239 1745 1281 1808 ab
1310 1746 1351 1809 iis

174 1851 326 1935 prolatae
356 1850 532 1915 admodum
562 1851 708 1926 varient,
748 1850 930 1932 periculum
959 1851 1089 1915 videtur
1117 1873 1159 1914 ne
1184 1853 1282 1935 plura
1311 1854 1351 1919 dc

174 1985 209 2027 re
233 1962 405 2026 scribendo
429 1961 642 2026 difficultates
664 1962 767 2042 magis
789 1966 973 2041 augeantur
995 1983 1094 2044 quam
1115 1963 1350 2030 diminuantur.

175 2073 305 2156 Quodsi
328 2079 437 2137 tamon
465 2072 505 2136 dc
526 2072 719 2156 Theognide
741 2071 885 2136 scribere
912 2072 984 2136 ausi
1006 2094 1132 2155 sumus,
1164 2095 1265 2140 causa
1290 2083 1349 2157 est,

174 2185 263 2267 quod
287 2184 463 2249 ostendere
479 2183 576 2249 nobis
597 2185 830 2267 proposuimus
851 2204 986 2265 prorsus
1005 2184 1105 2247 aliam
1127 2191 1228 2274 atque
1251 2193 1349 2252 antea

172 2298 258 2358 viam
290 2316 361 2358 esse
391 2294 587 2376 ineundam,
626 2296 654 2360 si
683 2317 735 2360 res
766 2301 875 2359 certas
906 2293 1038 2359 efficere
1066 2295 1214 2361 velimus.
1267 2297 1350 2362 Mihi

172 2408 258 2471 enim
290 2407 484 2489 plerumque
505 2427 591 2470 vana
612 2407 767 2471 videntur
787 2427 872 2489 quae
894 2407 957 2470 viri
979 2406 1067 2471 docti
1088 2407 1128 2471 de
1150 2409 1218 2472 vita
1242 2408 1349 2475 Theo·

172 2517 278 2599 gnidis
298 2517 392 2581 nobis
413 2523 580 2598 enarrant,
604 2517 645 2583 de
668 2519 759 2582 varia
782 2518 852 2583 eius
874 2517 908 2579 in
929 2539 965 2582 re
987 2518 1120 2600 publica
1142 2517 1286 2600 fortuna,
1308 2519 1349 2585 de

170 2627 345 2692 itineribus
368 2627 401 2690 in
418 2627 588 2692 Euboeam
606 2627 932 2693 etLacedaemonem
953 2627 1059 2708 factis,
1084 2627 1124 2693 de
1147 2630 1262 2694 amicis
1278 2631 1348 2694 eius

71 2801 72 2805 ,
173 2736 399 2818 Onomacrito,
423 2736 596 2819 Olearisto,
620 2738 778 2804 Democle
800 2739 873 2803 aliis
890 2738 993 2822 etcl).
1031 2737 1241 2822 Quamquam
1262 2742 1348 2804 enim

171 2855 298 2912 certum
312 2854 361 2912 est
375 2848 497 2913 multas
513 2849 651 2913 aliorum
662 2856 835 2932 poetarum
851 2850 973 2930 elegias
985 2850 1019 2911 in
1032 2848 1191 2930 syllogam
1202 2858 1348 2914 nostram

171 2959 343 3041 irrepsisse
355 2959 393 3043 2),
423 2960 472 3022 ita
493 2968 530 3024 ut
553 2960 593 3024 de
614 2961 660 3024 eis
681 2980 765 3042 quae
787 2965 914 3024 restant
935 2979 1086 3039 magnam
1107 2957 1347 3025 dubitationem

172 3069 251 3131 oriri
273 3071 481 3152 accessesit,
505 3077 615 3135 tamen
638 3071 699 3134 viri
722 3070 811 3133 docti
831 3068 981 3152 plerique
1003 3069 1146 3133 maxima
1167 3071 1347 3135 carminum

172 3185 268 3260 parto
300 3180 349 3242 ita
376 3186 515 3244 utuntur
544 3188 582 3244 ut
609 3182 637 3245 si
659 3201 679 3244 a
701 3180 894 3262 Theognido
915 3179 1067 3262 profecta
1089 3180 1142 3246 sit.
1186 3181 1300 3264 Atque
1320 3185 1348 3247 si

171 3309 256 3370 quae
277 3295 395 3370 poetae
420 3291 606 3374 Megarensi
627 3291 836 3372 abiudicant,
865 3292 971 3375 magis
1001 3312 1099 3355 sensu
1130 3292 1294 3359 ducuntur
1315 3302 1348 3359 et

254 3475 279 3544 ¹)
299 3475 388 3530 Velut
412 3475 501 3529 Flach
526 3476 621 3531 Gescb.
645 3477 693 3531 der
708 3478 808 3547 prieris.
826 3478 895 3548 Lyr.
914 3477 946 3531 H
969 3497 997 3546 p.
1011 3479 1071 3540 405,
1094 3480 1222 3533 403-11.
1258 3479 1347 3535 Recte

169 3559 266 3629 Bergk
288 3560 397 3616 Griccb.
416 3561 652 3630 Litcroturgeacb.
671 3561 702 3615 ll
720 3581 748 3630 p.
756 3565 807 3616 303
825 3563 889 3617 adn.
901 3565 942 3618 23.

256 3645 278 3713 ⁹)
298 3646 385 3700 Velut
403 3646 516 3714 Tyrtaei
538 3650 603 3699 sunt
620 3665 663 3700 vv.
676 3649 795 3701 935-38
813 3650 867 3714 (12,
885 3651 918 3701 37
929 3665 989 3716 εᾳᾳ,
1002 3647 1131 3717 Bergk),
1156 3650 1274 3703 loca-c
1293 3652 1346 3718 (12,

170 3731 297 3800 13-16),
317 3731 479 3785 Mimnermi
500 3733 620 3784 793-96
637 3731 683 3799 (fr.
696 3734 733 3799 7),
753 3734 888 3787 1017-22
905 3734 950 3800 (fr.
963 3734 1007 3799 5);
1027 3731 1137 3785 Solonis
1154 3734 1274 3786 227-32
1292 3736 1346 3800 (13,

169 3817 298 3883 71-76),
324 3818 444 3870 315—18
463 3817 508 3885 (fr.
524 3818 583 3885 15),
607 3818 729 3870 tao-90
746 3818 800 3886 (13,
818 3818 945 3886 65-70),
969 3819 1089 3871 719-28
1107 3817 1153 3884 (fr.
1167 3820 1228 3886 24),
1253 3818 1347 3887 126314

169 3897 215 3965 (fr.
228 3902 288 3966 23),
315 3918 367 3954 nec
385 3903 478 3955 minus
495 3920 540 3956 vv.
558 3902 634 3971 15314
658 3905 713 3970 (ap.
732 3901 851 3954 Aristot.
876 3902 911 3955 de
935 3903 1049 3956 civitate
1073 3902 1177 3955 Athen.
1195 3904 1278 3969 ο.12;
1311 3904 1346 3959 cf.

168 3983 231 4038 fr.8
249 3985 372 4056 Bergk).
408 3986 515 4040 Versus
538 3989 673 4041 1209-16
690 3987 757 4040 item
776 3985 936 4056 Theognidi
959 3986 1138 4040 abiudicandi
1152 3987 1198 4040 cui
1216 3989 1346 4057 scriptori

167 4071 311 4125 tribuendi
324 4074 380 4126 sint
392 4072 508 4125 dubium
521 4078 569 4127 est.
582 4104 616 4112 —
629 4073 670 4129 Of.
684 4072 748 4127 Van
761 4072 810 4125 der
822 4071 886 4140 Mey
898 4071 998 4125 Studia
1007 4070 1188 4140 Theognidea
1198 4091 1225 4143 p,
1235 4075 1347 4136 39-43,

169 4153 270 4211 Sitzler
288 4158 462 4227 Theognidis
482 4158 619 4227 reliquiae
636 4159 718 4230 proll.
735 4177 763 4229 p.
776 4161 817 4220 36,
837 4157 928 4211 Oauer
944 4156 1127 4212 Philotimo
1143 4175 1171 4227 p.
1183 4161 1235 4213 362
1247 4176 1307 4229 sqq.
