3036 4844
262 1326 354 1452 post
376 1385 495 1467 studia,
520 1385 639 1468 quihus
663 1386 738 1453 inde
762 1388 804 1453 ab
824 1387 1031 1454 Immanuele
1046 1389 1211 1470 Bellieno,
1236 1408 1257 1455 a
1280 1408 1345 1471 quo

171 1500 277 1568 omnis
302 1507 353 1567 est
375 1501 550 1583 disciplina
573 1502 801 1586 Theognidea
830 1503 893 1569 viri
921 1503 1010 1570 docti
1037 1505 1097 1570 Th.
1122 1505 1287 1589 Bergkius
1310 1505 1344 1571 in

169 1619 257 1684 Mus.
278 1617 381 1683 Rhen.
405 1619 490 1684 Nov.
511 1620 576 1684 vol.
600 1619 653 1684 Ill
676 1638 707 1699 p.
729 1622 793 1683 206
818 1638 888 1700 sqq.
906 1624 939 1684 et
959 1639 990 1700 p.
1008 1624 1074 1684 396
1097 1638 1179 1702 sqq,
1203 1622 1346 1687 Haitius

170 1733 204 1797 in
228 1733 338 1798 annali
362 1733 527 1816 philologo
564 1732 641 1799 anni
677 1739 761 1799 1888
796 1753 828 1816 p.
858 1739 1048 1815 333—336,
1089 1734 1345 1818 Ohristophorus

171 1849 302 1930 Zicgler
335 1848 457 1914 ibidem
485 1869 517 1932 p.
543 1853 607 1915 329
631 1868 701 1931 sqq.
732 1868 767 1915 se
803 1849 980 1931 dederunt,
1015 1850 1049 1913 in
1083 1849 1160 1916 crisi
1183 1850 1346 1933 Theogni-

171 1963 307 2028 deorum
332 1964 517 2030 exercenda
540 1981 561 2030 a
583 1964 676 2031 libris
699 1965 732 2030 A
750 1965 827 2032 θῖΟ
848 1965 1121 2046 proficiscendum
1141 1982 1215 2031 esse
1230 1982 1346 2032 omnes
1382 1986 1383 1990 ¹
1426 2041 1428 2047 ,

171 2079 386 2145 consentiunt.
434 2079 588 2146 Oodicem
612 2081 659 2162 Α,
684 2099 748 2162 quo
774 2081 1100 2163 ssekkerusprimus
1123 2098 1204 2148 usus
1227 2082 1345 2148 estad

174 2194 369 2276 Theognidis
394 2196 504 2277 elegos
529 2195 672 2262 edendos
697 2213 781 2262 anno
802 2202 886 2262 1815
909 2215 1072 2279 quemque
1088 2197 1122 2263 in
1139 2197 1345 2278 praefatione

173 2309 307 2375 alterius
332 2308 483 2376 editionis
511 2329 597 2376 anno
623 2316 706 2376 1827
736 2317 873 2378 curatae
896 2312 1117 2380 Mutinensem
1145 2332 1181 2380 se
1204 2331 1345 2381 vocasse

170 2425 353 2506 profitetur,
377 2444 442 2491 non
466 2426 553 2507 quod
575 2427 706 2493 Mutina
729 2427 877 2493 Panisios
900 2427 1062 2508 venisset,
1098 2429 1156 2495 sed
1179 2430 1345 2496 communi

168 2547 240 2607 tum
264 2541 419 2620 omnium,
444 2540 498 2620 qui
524 2560 565 2606 ex
580 2541 702 2608 Italiae
726 2541 907 2622 superioris
931 2543 1138 2610 bibliothecis
1162 2544 1344 2610 minoiibus

169 2657 343 2723 Palisinae
366 2655 452 2721 illati
481 2662 607 2738 essent,
643 2657 773 2722 nomine
807 2675 927 2723 revera
954 2676 1019 2724 non
1042 2659 1269 2729 Mutinensem·
1286 2659 1344 2725 sed

168 2774 394 2838 Veronensem
418 2790 492 2838 esse
508 2771 696 2839 Guilelmus
714 2771 930 2853 Studemund
955 2773 1008 2838 vir
1031 2773 1081 2840 his
1105 2774 1225 2840 litteris
1248 2790 1345 2856 prae-

169 2893 301 2954 matura
340 2893 447 2952 morte
487 2892 634 2968 ereptus,
670 2885 947 2953 commentatione
982 2889 1023 2955 de
1058 2889 1343 2972 Theognideorum

170 3005 329 3071 memoria
363 3004 457 3071 libris
491 3021 591 3070 manu
627 3003 759 3085 somptis
794 3010 930 3071 servata
956 3003 1036 3091 (ind.
1061 3006 1136 3071 lect.
1160 3004 1342 3070 Vratislav.

169 3139 230 3200 per
244 3121 386 3186 hiemem
403 3120 479 3186 anni
498 3124 672 3186 1889-90
688 3120 843 3203 haband.)
860 3121 1121 3188 demonstnavit.l
1157 3119 1345 3186 Dolendum

168 3254 249 3301 sane
274 3242 334 3317 est,
359 3235 446 3317 quod
471 3237 626 3304 acerbum
651 3237 756 3304 fatum
771 3237 917 3303 Henrico
934 3237 1083 3303 Jordano
1099 3250 1165 3302 non
1182 3235 1343 3318 permisit,

170 3359 208 3417 ut
231 3352 388 3418 lectiones
413 3351 535 3418 codicis
558 3353 591 3418 A
616 3354 748 3419 saeculo
772 3353 806 3419 X
830 3351 954 3434 scripti,
978 3370 1074 3434 quem
1098 3352 1218 3419 ceteris
1241 3352 1345 3418 omni·

169 3468 230 3533 bus
254 3485 319 3533 non
348 3466 445 3532 modo
480 3475 615 3534 servata
650 3470 799 3552 syllegae
823 3469 1054 3552 Theognideae
1083 3467 1264 3550 appendice
1287 3467 1345 3533 sed

169 3583 268 3649 etiam
293 3582 491 3664 antiquitate
514 3589 547 3649 ct
569 3585 716 3651 bonitate
739 3590 909 3668 praestare
933 3589 1080 3666 constat,
1105 3584 1279 3667 dihgenter
1302 3583 1345 3649 ab

168 3698 240 3779 ipso
266 3703 418 3764 enotatas
442 3698 567 3780 publici
589 3698 670 3765 iuris
695 3700 828 3766 faceret.
876 3700 971 3783 Quae
988 3719 1063 3766 oum
1084 3699 1133 3765 ita
1154 3698 1230 3779 sint,
1253 3697 1347 3763 inea

169 3813 291 3880 codicis
315 3814 348 3879 A
372 3815 562 3897 collatione,
598 3833 697 3896 quam
719 3814 867 3881 Bekkeri
895 3813 1029 3880 editioni
1054 3813 1150 3880 alten‘
1173 3813 1344 3892 dehemus

169 3930 447 4011 acquiescendum
471 3932 534 3996 erit
556 3931 747 3998 cautissime
763 3935 892 3997 tantum
909 3929 1066 3996 adhibitis
1084 3929 1131 3995 eis
1149 3927 1345 3996 lectionibus

169 4046 318 4112 virorum
353 4045 525 4112 doctorum
559 4045 718 4131 (Presseli
751 4046 784 4110 in
814 4046 933 4111 Philol.
963 4051 1041 4112 tom.
1066 4045 1198 4112 XXIX.
1222 4064 1254 4127 p.
1279 4048 1342 4111 547

244 4239 253 4276 ¹
274 4242 358 4294 Idem
376 4242 435 4293 viri
454 4241 617 4295 doctissimi
636 4243 766 4295 defuncti
785 4242 1031 4295 commentatione
1055 4243 1104 4296 vel
1131 4243 1268 4311 ignorata
1296 4243 1344 4296 vel

171 4329 306 4396 neglecta
324 4330 425 4383 docuit
444 4329 476 4384 Ο.
496 4331 531 4385 Ο.
550 4331 677 4385 Zurctti:
705 4332 854 4384 Veronese
871 4344 933 4382 non
952 4330 1118 4386 Modenase.
1164 4331 1217 4385 Pel
1244 4331 1347 4386 codice

171 4419 198 4468 A
218 4418 249 4469 di
268 4419 427 4487 'leugnida
464 4420 578 4473 Rivista
597 4421 629 4474 di
648 4420 797 4488 hilologia
818 4419 888 4478 1890
904 4435 934 4486 p·
956 4419 1007 4472 161
1026 4436 1091 4490 sqq.

1117 4509 1137 4562 l
