3036 4844
702 235 909 328 ,64-

216 459 305 543 apud
328 458 520 542 Homerum,
551 460 700 543 quamvis
720 479 808 538 raro,
838 458 915 524 talis
938 459 1103 541 correptio
1126 459 1313 524 inveniatur
1336 460 1391 538 (cf.

217 591 317 654 supra
340 592 373 654 p.
396 575 451 650 50)
464 573 499 653 1),
515 593 557 636 an
572 571 684 654 potius
701 569 871 634 elisionem
891 574 1034 634 statuam
1057 565 1078 655 ἢ
1100 567 1266 650 1113312).

300 716 373 780 Iam
394 715 476 779 illud
492 715 624 798 quidem
634 715 843 798 perspicuum
864 720 924 796 est,
947 714 1195 796 antiquissimos
1211 713 1394 796 elegiarum

217 827 395 910 scriptores
418 846 538 908 magno
562 846 662 908 opere
686 824 876 910 discrepare
907 830 940 888 et
961 823 1003 888 ab
1026 824 1174 890 Homero
1204 830 1238 890 et
1263 825 1305 889 ab
1328 824 1393 890 ele·

216 936 405 1019 giographis
434 935 683 1020 posterioribus.
734 935 854 1019 Neque
882 937 968 1000 enim
1001 956 1092 1001 mero
1122 956 1201 1000 casu
1228 935 1392 1000 accidisse

214 1046 346 1113 videtur
394 1047 483 1130 quod
534 1046 624 1130 apud
660 1045 842 1129 Oallinum,
887 1045 1146 1128 Archilochum,
1200 1046 1391 1131 Tyrtaeum,

216 1156 353 1238 Asium,
387 1157 629 1239 Mimnermum,
662 1163 700 1222 ut
735 1159 796 1223 hos
836 1157 1012 1240 eligamus,
1045 1179 1214 1240 nunquam
1254 1159 1289 1222 in
1318 1178 1392 1222 cae·

216 1288 293 1333 sura
315 1268 407 1351 pedis
431 1269 522 1333 tertii
543 1270 713 1334 trochaica
739 1269 904 1352 correptio
935 1270 1110 1334 invenitur.
1153 1268 1288 1333 Etenim
1314 1288 1389 1331 cum

216 1400 256 1444 ex
273 1379 420 1444 versibus
446 1380 594 1444 centenis
614 1381 649 1443 in
670 1379 782 1445 Iliade
811 1380 880 1445 illio
908 1379 1037 1444 hiatum
1064 1379 1209 1445 habeant
1228 1377 1322 1457 terni,
1354 1377 1389 1440 in

213 1488 363 1573 Odyssea
378 1490 529 1570 totidem,
552 1491 586 1554 in
601 1489 730 1574 hymnis
748 1491 827 1571 hini,
852 1491 1106 1575 exspectandum
1125 1498 1197 1555 erat
1214 1487 1302 1572 apud
1325 1487 1389 1550 ele·

214 1602 327 1683 giacos
349 1602 435 1684 illos,
456 1602 785 1685 exquorumelegiis
805 1604 999 1667 1311111304
1020 1608 1141 1684 extant,
1161 1606 1236 1666 octo
1258 1598 1309 1664 131
1332 1618 1390 1662 no·

215 1731 289 1776 vem
310 1712 462 1795 exempla
485 1713 702 1795 correptionis
725 1734 907 1782 occurrere.
951 1713 1106 1781 Occurrit
1121 1717 1232 1777 autem
1253 1709 1390 1775 nullum.

213 1821 356 1888 Videtur
371 1824 435 1888 hoc
456 1844 587 1907 quoque
608 1824 652 1888 ad
673 1825 777 1890 tibiae
790 1846 886 1890 usum
908 1825 1034 1905 redire3
1054 1845 1140 1908 quae
1162 1843 1235 1887 oum
1258 1820 1299 1886 ab
1323 1819 1389 1884 alio

211 1943 397 2015 caneretur,
420 1955 488 1999 non
510 1953 530 1997 a
551 1941 660 2017 poeta,
685 1936 776 2001 illius
802 1936 1021 2002 modulationi
1040 1935 1222 2019 parendum
1244 1937 1327 2012 3131,
1351 1936 1391 1995 ut

212 2049 247 2112 in
278 2066 415 2111 caesura
441 2045 582 2129 spatium
613 2046 856 2113 intermittendi
884 2068 949 2112 non
976 2048 1010 2112 in
1043 2046 1181 2111 arbitrio
1217 2042 1389 2109 recitantis

211 2158 314 2222 fuisse
326 2155 479 2221 videatur
494 2156 670 2223 intervallo
685 2159 811 2223 ictuum
829 2159 902 2240 pari
917 2157 1092 2238 servand03
1116 2162 1234 2222 eontra
1252 2155 1388 2238 rhapso-

213 2269 255 2334 do
289 2269 443 2334 carminis
474 2269 560 2351 epici
586 2269 644 2352 qui
664 2269 733 2351 ipse
753 2270 916 2334 citharam
936 2268 1118 2353 tractabat,
1149 2268 1192 2333 ad
1215 2267 1388 2332 arbitrium

212 2386 245 2445 et
267 2385 305 2444 ut
339 2400 454 2444 sensus
476 2377 716 2462 verborumque
738 2381 787 2444 vis
812 2378 1009 2462 poscebant,
1041 2379 1138 2445 modo
1159 2381 1279 2463 spiritu
1302 2378 1388 2443 cele-

210 2496 281 2554 rato
304 2489 404 2554 modo
427 2490 564 2554 remisso
586 2489 728 2554 recitare
752 2489 884 2554 licebat.

299 2634 486 2718 Sumpserit
504 2634 647 2700 fortasse
670 2635 744 2718 quis
764 2635 828 2700 hoc
851 2634 915 2699 sibi
935 2635 1028 2716 iuris,
1051 2655 1123 2700 cum
1140 2656 1296 2700 caesurae
1319 2639 1387 2698 tro-

211 2746 346 2812 chaicae
368 2746 465 2810 istius
480 2746 570 2811 modi
593 2745 650 2810 ubi
664 2746 785 2811 vocalis
808 2747 995 2830 corripitur,
1017 2748 1052 2812 in
1072 2745 1271 2828 Theognidis
1290 2750 1386 2828 parte

211 2858 245 2921 A
267 2879 334 2921 non
367 2856 594 2938 inveniantur,
630 2863 669 2922 ut
699 2878 920 2941 omnesquae
948 2858 1035 2923 inB
1067 2864 1100 2923 et
1122 2855 1149 2922 0
1171 2858 1336 2940 leguntur,
1365 2877 1386 2920 a

210 2968 402 3052 Megarensi
431 2969 616 3034 abiudicari
644 2969 766 3034 iubeat.
809 2969 975 3053 Equidem
999 2991 1097 3053 quam
1119 2970 1152 3033 in
1178 2974 1303 3053 partem
1332 2987 1385 3032 res

211 3079 429 3163 disceptanda
451 3081 495 3145 111
521 3081 729 3145 vehementer
751 3079 892 3161 ambigo.
942 3079 1030 3145 Nam
1059 3081 1169 3145 hiatus
1198 3079 1385 3144 trochaicus

211 3190 310 3254 etiam
332 3191 367 3254 in
389 3190 430 3255 111
452 3189 566 3270 elegiis
590 3196 708 3271 exstat,
738 3212 823 3273 quae
844 3193 993 3274 quamvis
1015 3191 1190 3274 sphragide
1211 3188 1312 3276 Oyrni
1333 3212 1385 3257 ce·

209 3305 320 3365 rentes
384 3306 495 3365 tamen
559 3301 727 3381 ingenium
791 3300 991 3383 Theognidis
1035 3303 1162 3386 spirare
1220 3302 1385 3385 videntur,

211 3413 360 3473 341-50
395 3417 429 3475 et
458 3414 606 3474 367-70
641 3411 694 3489 (cf.
718 3432 751 3494 p.
775 3415 814 3475 16
839 3411 958 3495 3117).
1012 3411 1085 3477 Η31
1109 3411 1294 3496 Theognidi
1316 3413 1384 3478 adi·

208 3540 298 3584 mere
332 3520 442 3587 nolim.
495 3520 532 3587 Si
562 3521 732 3602 continget
764 3529 802 3586 ut
834 3545 882 3587 11.
914 3525 975 3587 341
1007 3531 1041 3589 31
1071 3528 1133 3588 369
1166 3524 1387 3608 probabiliter

208 3632 436 3712 emendemus,
466 3636 594 3697 eeteros
623 3653 736 3697 versus
750 3656 752 3659 ’
765 3633 828 3698 hac
858 3634 900 3700 de
926 3656 1027 3701 causa
1059 3642 1229 3719 suspectos
1261 3636 1385 3719 quique

208 3743 321 3808 sanari
341 3749 514 3825 nequeant,
544 3744 614 3808 sine
633 3743 704 3808 ulla
734 3745 934 3812 dubitatione
965 3768 982 3812 3
1003 3745 1195 3829 Theognide
1218 3747 1324 3811 eicere
1345 3746 1385 3811 li·

295 4024 317 4091 ¹)
336 4021 401 4076 Vox
419 4019 437 4088 ἤ
455 4024 485 4078 in
508 4023 582 4077 thesi
605 4025 699 4094 prime
715 4025 795 4094 pedis
813 4026 890 4079 tertii
908 4029 972 4079 ente
989 4027 1112 4080 vocalem
1131 4030 1262 4096 correpta
1278 4026 1384 4098 legitur

208 4125 257 4161 sex
274 4108 357 4164 locis:
375 4109 405 4159 K
422 4111 483 4175 451,
504 4111 529 4160 Φ
547 4111 605 4176 113,
624 4107 698 4176 158,
717 4131 733 4178 ρ
751 4111 810 4177 252,
828 4111 920 4180 hymn.
938 4111 970 4165 II
988 4112 1047 4176 519,
1067 4112 1109 4167 VI
1126 4115 1168 4171 29.

295 4209 316 4280 ¹)
334 4210 408 4264 Item
428 4211 504 4280 apud
521 4211 629 4266 Gallim.
648 4213 741 4281 hymn.
761 4216 785 4278 6,
803 4216 838 4267 86
855 4209 872 4278 ἢ
888 4210 915 4264 ’ν
928 4210 1032 4285 Ὄθρυϊ
1047 4214 1141 4284 legere
1160 4213 1263 4273 malim.
