3036 4844
646 279 868 342 -13-

167 492 207 534 τοι
236 471 294 537 sed
323 471 423 536 etiam
451 471 525 557 ἀνὴρ
552 471 744 552 depromere
773 476 846 538 erat
879 472 913 538 in
948 471 1095 554 proclivi.
1141 473 1216 538 Hoc
1239 472 1339 538 ‘modo

171 586 344 653 lectionum
361 586 603 669 discrepantiae
626 586 800 654 clariorem
825 587 937 654 afferri
960 589 1069 654 lucem
1093 604 1193 670 quam
1216 587 1244 654 si
1267 587 1342 669 quis

169 702 345 769 coniecerit
371 702 446 769 ideo
472 701 594 771 τοιοῦτός
620 722 660 764 τοι
689 722 717 769 e.
742 722 773 785 q.
795 722 828 768 v.
855 703 889 768 in
917 700 981 764 ur
1011 704 1055 786 εἴη
1090 707 1220 768 mutata
1257 720 1340 784 esse,

169 836 210 885 ne
234 819 298 886 duo
322 817 530 900 insequentia
553 817 696 884 disticha
719 820 761 885 ab
786 819 910 886 eisdem
937 818 1120 901 inciperent
1146 818 1272 899 verbis,
1297 835 1341 883 ne

169 934 397 1002 Schneidewin
420 933 553 1015 quidem
577 934 621 1017 (p.
639 939 682 999 22
706 934 885 1019 dissertat.)
909 934 1002 1018 sugit.

257 1068 392 1135 Addere
416 1069 523 1150 potuit
547 1073 606 1135 aut
629 1068 743 1135 debuit
764 1066 846 1151 τοῦτ’,
871 1069 959 1150 quod
979 1069 1013 1134 A
1035 1067 1122 1134 infra
1142 1069 1253 1148 habet,
1277 1087 1341 1133 non

167 1184 304 1251 librario
332 1185 486 1251 oscitanti
509 1185 729 1266 tribuendum,
754 1185 812 1252 sed
836 1186 986 1252 consulto
1009 1189 1174 1251 mutatum
1201 1178 1274 1250 esse
1299 1184 1341 1249 ab

170 1320 220 1380 eo,
250 1301 306 1381 qui
336 1282 542 1384 intellegeret
569 1300 597 1367 si
625 1301 790 1384 epilogum
818 1302 928 1384 priore
955 1301 1027 1367 loco
1057 1300 1099 1367 ad
1122 1303 1220 1383 plura
1242 1299 1342 1382 perti-

172 1421 303 1482 nentem
326 1415 382 1482 uni
399 1416 582 1483 sententiae
599 1417 814 1498 adiunxisset,
836 1435 901 1483 non
917 1416 1038 1499 plurali
1055 1422 1127 1482 esse
1147 1418 1267 1497 locum,
1284 1415 1351 1481 sed*

169 1531 331 1615 singulari
363 1551 510 1598 numero.
557 1533 711 1615 Apparet
742 1532 843 1616 igitur
874 1515 1054 1599 lectionum
1087 1531 1343 1613 discrepantiam

168 1647 245 1714 inde
268 1654 381 1714 natam
405 1667 476 1714 esse
501 1649 587 1728 quod
611 1667 728 1739 versus
753 1667 853 1714 esus
878 1667 1004 1715 conexu
1025 1647 1133 1714 avulsi
1156 1646 1343 1712 necessario

171 1764 319 1830 mutandi
342 1769 445 1829 erant.

258 1890 364 1955 Poeta
387 1895 562 1971 postquam
592 1889 730 1971 monuit,
758 1908 799 1956 ne
827 1905 973 1970 unquam
1000 1889 1107 1953 malos
1136 1887 1283 1952 homines
1311 1887 1343 1951 in

172 2005 350 2072 amicorum
375 2024 547 2071 numerum
569 2006 817 2086 ascisceremus‚
838 2004 947 2086 pergit
966 2005 1029 2070 hoc
1048 2005 1161 2071 modo:
1185 2023 1216 2068 v.
1236 2008 1298 2069 115

375 2138 484 2202 Πολλοί
506 2160 547 2202 τοι
570 2143 663 2209 πόσιος
685 2139 732 2201 καὶ
757 2138 877 2226 βρώσιος
900 2139 965 2200 εἰσιν
990 2136 1101 2225 ἑταῖροι,

375 2254 405 2316 ἐν
428 2253 459 2316 δὲ
483 2253 623 2340 σπουδαίῳ
646 2258 787 2341 πρήγματι
809 2257 973 2341 παυρότεροι

177 2405 280 2472 Huius
305 2407 438 2472 distichi
462 2412 690 2489 argumentum
714 2407 764 2474 ita
787 2427 861 2473 cum
885 2406 1037 2473 versibus
1063 2411 1125 2473 113
1150 2412 1183 2472 et
1211 2410 1272 2470 114

375 2537 497 2634 Μήπυτέ
522 2571 561 2610 τοι
587 2551 673 2612 κακὸν
697 2550 786 2636 ἄνδρα
808 2550 890 2636 φίλον
913 2549 1051 2612 ποιεῖσθαι
1074 2547 1183 2635 ἑταῖρον

376 2661 439 2726 ἀλλ’
465 2663 518 2726 αἰεὶ
542 2665 651 2749 φεύγειν
675 2664 750 2727 ὥστε
773 2665 859 2727 κακὸν
882 2664 985 2746 λιμένα

170 2816 337 2896 cohaeret,
354 2820 392 2881 ut
408 2816 551 2883 alterum
568 2816 710 2893 alterum
726 2816 897 2897 aptissime
914 2815 1019 2897 possit
1034 2815 1197 2897 excipere.
1228 2817 1345 2896 Neque

170 2931 203 2997 in
220 2931 331 2998 verbis
354 2930 436 3013 ipsis
460 2930 639 3012 quidquam
660 2930 754 3010 inest,
778 2931 811 2996 in
827 2950 892 3013 quo
909 2931 1123 2998 offendamus.
1163 2930 1345 2999 Genetivus

170 3046 374 3119 substantivi
397 3051 478 3117 πόσις
501 3044 590 3112 etin
613 3066 646 3112 s.
663 3050 727 3112 837

376 3189 467 3253 δισσαί
490 3212 530 3253 τοι
552 3194 647 3260 πόσιος
669 3197 758 3275 κῆρες
780 3189 892 3253 δειλοῖσι
917 3189 1051 3277 βροτοῖσιν

170 3311 204 3372 et
227 3306 260 3371 in
283 3326 314 3372 v.
333 3312 399 3372 844

376 3426 504 3490 τουτάκις
527 3418 610 3484 οἴκαδ’
633 3422 696 3504 ἶριν
719 3427 891 3505 παυσάμενοι
913 3423 1008 3492 πόσιος

171 3564 302 3646 legitur.
340 3564 557 3629 substantiva
580 3568 658 3633 πόσις
681 3567 714 3630 et
738 3561 844 3650 βρῶσις
867 3563 1039 3630 coniuncta
1063 3563 1126 3629 sibi
1149 3565 1231 3629 haec
1255 3583 1346 3631 »esse

172 3679 400 3762 cognitissima
416 3677 481 3744 ait«
501 3678 682 3761 discipulus
699 3698 740 3744 ex
755 3680 903 3746 Homero
919 3697 1024 3760 neque
1042 3696 1091 3759 eo,
1113 3679 1200 3761 quod
1216 3678 1346 3745 distichi

172 3794 364 3861 hexameter
386 3795 419 3861 in
442 3793 845 3880 Pseudophocylideorum
861 3816 892 3861 v.
911 3799 953 3859 92
977 3794 1025 3860 ita
1038 3799 1203 3877 ,mutatus
1226 3797 1264 3859 ut
1285 3793 1346 3875 p‘ro

172 3930 212 3971 το.
236 3912 341 3976 altero
370 3913 442 3977 looo
458 3913 518 3998 νγοὶρ
542 3914 675 3994 legatur
697 3911 850 3990 occursu,
874 3909 1048 3990 quominus
1073 3928 1148 3975 eum
1170 3909 1345 3992 genuinum

172 4025 399 4094 existimemus
422 4028 629 4110 impedimur.

263 4152 354 4220 Infra
378 4161 488 4221 autem
513 4154 619 4220 eidem
643 4169 761 4219 versus
786 4154 989 4233 postcom
1013 4155 1219 4231 repetuntur,
1243 4150 1292 4218 ita
1311 4156 1349 4218 ut
1432 4195 1435 4200 -

175 4266 366 4334 hexameter
389 4268 451 4334 hoc
475 4269 580 4335 altero
604 4271 676 4335 loco
700 4267 749 4335 sio
772 4266 952 4357 scribatur:

426 4408 535 4471 Πολλοὶ
558 4432 614 4496 παρ
638 4417 758 4497 κρητῆρι
782 4410 857 4496 φίλοι
880 4410 997 4491 ρὶνονται
1021 4407 1098 4498 ἑταῖρ
