3036 4844
717 237 906 319 ..λὺ

220 443 323 499 autem
343 457 402 519 per
416 444 514 502 toturn
533 437 688 501 mundone
704 437 869 502 celebratas
889 458 969 516 sum,
989 437 1102 503 ciuibus
1123 439 1157 524 (i.
1174 459 1201 502 e.
1218 436 1315 522 meis)
1338 460 1405 505 non

215 546 332 630 placeo.
375 546 481 632 Neque
501 547 555 612 λου
579 550 705 626 mirum,
732 548 899 632 Polypuide
922 558 983 615 eto.

307 656 380 721 Iam
409 659 490 721 illud
511 681 550 723 ex
573 660 624 722 his
648 680 733 741 quae
754 661 924 741 posuimus
948 657 1140 741 apparebit,
1174 681 1222 724 vv.
1240 663 1279 724 23
1303 668 1338 725 et
1360 667 1404 726 24

219 769 381 850 genuinos
412 790 501 850 esse,
533 790 598 833 non
627 769 669 833 ab
691 768 932 850 interpolatore
955 767 1099 850 quodam
1122 770 1273 835 insertos.
1319 769 1403 838 Sen-

218 879 325 943 tentia
349 881 435 944 enim
460 879 501 942 ab
525 900 563 943 eo
586 879 675 943 unde
699 878 852 961 profecta
872 886 939 958 est,
970 880 1090 944 leniter
1117 879 1264 944 declinat
1294 889 1327 945 et
1358 883 1403 948 ad

219 989 320 1052 aliam
342 1011 411 1054 rem
432 989 564 1070 transit,
592 996 628 1052 ut
648 990 748 1072 paulo
773 989 871 1054 aliter
893 997 995 1073 atque
1018 996 1138 1073 coepta
1161 999 1234 1056 erat
1251 991 1401 1059 finiatur.

220 1097 297 1163 Hoc
316 1107 417 1182 poeta
437 1099 508 1181 ipse
532 1098 639 1162 facere
656 1106 799 1181 poterat,
820 1101 1039 1184 interpolator
1063 1122 1135 1165 meo
1158 1102 1291 1184 quidem
1313 1104 1401 1169 iudi·

219 1210 269 1272 cio
293 1230 357 1273 non
379 1209 522 1273 lecisset.
567 1209 673 1273 Immo
697 1231 764 1274 rern
788 1211 854 1274 iam
879 1211 1003 1276 dictam
1027 1211 1100 1275 aliis
1122 1213 1229 1277 verbis
1248 1224 1402 1280 ornasset

221 1321 476 1398 etvariaseet1).
524 1318 612 1401 Quin
635 1321 733 1382 etiarn
758 1322 786 1384 si
808 1344 836 1386 r.
857 1325 899 1384 24
919 1320 1064 1401 deesset,
1093 1321 1316 1388 desiderarem
1339 1325 1400 1390 ali-

222 1430 319 1512 quid,
352 1430 518 1494 ethnicum
541 1438 672 1512 poetae.
716 1430 849 1495 Etenim
871 1452 1008 1514 prorsus
1031 1453 1102 1497 mos
1124 1433 1327 1499 Graecorum
1349 1445 1403 1503 eet

221 1562 281 1623 per
293 1541 393 1604 talem
407 1543 612 1606 occasionem
630 1541 730 1604 etiam
744 1541 902 1622 originem
916 1543 1074 1608 indicare.
1097 1542 1144 1608 Ut
1156 1545 1304 1609 omittam
1317 1547 1399 1613 titu-

218 1651 269 1716 los
293 1651 458 1716 artificum
481 1653 513 1715 in
538 1653 760 1717 anathematis
780 1660 964 1730 exstantes,
996 1655 1170 1719 notissima
1192 1663 1269 1719 sunt
1298 1656 1399 1724 huius

219 1762 319 1826 moris
342 1763 429 1846 apu'd
463 1766 642 1847 scriptores
669 1764 820 1846 exempla
843 1764 1022 1843 Hecataei,
1054 1763 1236 1846 Herodoti,
1267 1766 1398 1852 Thucy·

218 1873 313 1938 didis.
364 1874 464 1938 Adde
488 1875 657 1940 distichon
682 1877 913 1941 Eratosthenis
937 1877 993 1959 qui
1015 1873 1239 1957 Theognidem
1269 1879 1398 1944 imitari

219 1985 350 2049 videtur
372 1987 484 2069 (epist.
508 1987 551 2049 ad
572 1987 657 2050 Ptol.
674 1992 713 2049 17
737 1986 890 2064 f.Hi11.):

318 2113 370 2175 καὶ
391 2111 430 2174 eei
448 2112 505 2192 μὲν
528 2110 574 2188 ὥς
591 2114 745 2176 τελέοιτο·
768 2114 854 2196 λέγοι
876 2115 912 2178 de'
932 2138 980 2190 τις
1001 2112 1126 2195 ἄνθεμα
1146 2114 1282 2180 λεύσσων

420 2228 476 2285 τοῦ
496 2227 669 2305 Κυρηναίου
691 2220 776 2286 τοῦτ’
798 2220 1041 2304 Ἐυαυοσθένεος.

216 2346 336 2431 Neque
359 2359 547 2430 repugnant
570 2350 674 2430 nobie,
699 2352 825 2433 opinor,
849 2353 1015 2418 Hesiodus
1038 2356 1160 2438 (theog.
1181 2355 1236 2439 22)
1259 2361 1291 2419 et
1307 2353 1394 2440 Hip·

214 2458 375 2539 parchuS,
407 2459 463 2521 ubi
494 2460 600 2524 solum
631 2484 747 2526 nomen
772 2472 917 2545 positum
942 2474 1004 2545 est,
1036 2487 1111 2529 cum
1137 2487 1190 2530 res
1220 2467 1267 2530 ibi
1296 2466 1395 2531 aliter

216 2575 410 2650 comparata
427 2571 479 2635 sit.
514 2570 566 2634 De
583 2571 768 2656 Phocylide
788 2580 907 2654 autem,
931 2575 1071 2639 sortasse
1090 2579 1187 2640 etiam
1211 2578 1252 2642 de
1272 2577 1393 2643 Demo·

217 2679 312 2761 doco,
347 2680 428 2745 licet
451 2682 603 2746 conicere
627 2706 682 2748 eos
705 2706 823 2748 nornen
846 2685 880 2747 in
905 2689 1072 2767 prooemio
1096 2688 1228 2770 plenum
1252 2689 1392 2772 dedisse,

214 2790 332 2855 deinde
361 2793 393 2855 in
426 2795 545 2857 ceteris
567 2795 715 2859 versibus
745 2819 808 2860 non
839 2798 902 2861 nisi
931 2797 1105 2862 formulam
1139 2799 1228 2862 illam
1259 2800 1390 2865 brevem

210 2902 262 2966 καὶ
280 2901 352 2968 τόδε
369 2905 551 2969 Φωκυλὶδεω
575 2928 599 2970 s.
617 2907 798 2991 Δημοδόκου
823 2908 1054 2994 adhibuisse2).
1092 2910 1244 2993 Denique
1266 2933 1306 2975 ne
1329 2912 1391 2976 boe

213 3016 346 3096 quidem
369 3018 648 3099 praetereundum
671 3030 731 3098 est,
767 3022 855 3102 quod
878 3023 976 3085 etiam
999 3029 1115 3085 auctor
1138 3021 1215 3085 libri
1238 3021 1327 3086 illius
1351 3022 1390 3087 de

212 3124 407 3207 Theognide
435 3151 529 3207 quern
554 3128 720 3192 Stobaeus
749 3130 889 3211 flor.88,
910 3136 950 3196 14
973 3133 1151 3214 excerpsit,
1186 3132 1254 3196 sive
1278 3131 1390 3196 Xeno-

212 3234 300 3315 phon
332 3240 472 3301 estsine
500 3237 585 3300 alius
610 3259 708 3320 quem
730 3261 797 3304 non
817 3243 982 3322 novimus,
1013 3244 1114 3308 verba
1141 3246 1196 3305 τοῦ
1218 3245 1391 3326 Μεγαρέως

211 3344 243 3407 in
265 3351 358 3409 textu
374 3347 523 3426 repperit
533 3346 568 3425 ⁸).

298 3513 318 3580 ¹)
337 3511 591 3582 interpolationem
615 3522 773 3571 statuerunt
792 3517 924 3573 Welclrer
943 3525 972 3574 et
989 3521 1104 3585 Sitzler,
1129 3525 1230 3592 quibus
1250 3543 1293 3579 vv.
1308 3524 1341 3578 25
1360 3528 1389 3577 et

211 3599 244 3650 26
262 3600 419 3652 necessario
444 3600 480 3652 de
503 3603 595 3655 medio
620 3602 739 3656 tollendi
765 3611 845 3657 erant
868 3612 983 3674 propter
1002 3625 1061 3662 earn
1081 3626 1164 3676 quam
1183 3610 1218 3662 de
1235 3610 1389 3681 Polypaide

208 3685 375 3737 sententiam
399 3685 512 3739 babent.
550 3686 652 3741 Sitzler
670 3695 815 3757 praeterea
840 3708 883 3744 vv.
896 3693 957 3760 2314
982 3693 1155 3762 proscripsit.
1194 3694 1244 3747 Oui
1264 3696 1389 3764 adstipu-

208 3770 282 3823 latur
299 3769 432 3824 Immisch
451 3791 478 3842 p.
492 3773 535 3825 95.

296 3857 319 3925 ⁸³)
337 3857 470 3910 lmmiscb
488 3859 536 3926 qni
555 3862 684 3929 exempla
707 3863 755 3916 illa
778 3880 805 3931 p.
817 3865 851 3915 96
870 3861 991 3930 collegit,
1015 3860 1088 3913 male
1106 3859 1145 3912 eis
1164 3859 1261 3912 utitur.
1296 3862 1387 3917 Recte
1475 3898 1484 3910 -

207 3940 320 3996 Orusiue
339 3961 367 4011 p.
380 3945 432 3996 624
450 3944 513 3997 adn.
530 3946 550 3998 l.

293 4027 317 4090 ⁸)
335 4028 365 4080 Si
383 4031 444 4095 quie
463 4029 680 4098 Xenophontem
705 4031 831 4084 libellum
848 4031 927 4082 illum
945 4031 1028 4097 negat
1046 4025 1206 4089 confecisse,
1235 4031 1327 4080 cetera
1345 4030 1385 4083 in·
1458 4093 1472 4115 ·

206 4114 282 4163 certa
300 4116 328 4164 et
345 4129 417 4166 vana
435 4121 507 4168 sunt.
532 4113 604 4168 Nam
618 4133 709 4185 neque
721 4116 918 4169 Antisthenem
936 4128 1027 4179 neque
1040 4111 1222 4164 Aristotelem
1241 4120 1385 4172 auctorem

208 4211 267 4248 esse
285 4196 471 4252 demonstrari
488 4204 588 4269 potest.
616 4201 687 4254 Mihi
706 4200 820 4268 quidem
837 4196 971 4250 Immiech
988 4197 1087 4250 librum
1107 4195 1304 4267 Xenophontis
1326 4221 1386 4260 esee
