3036 4844
639 226 847 296 ..71„

156 427 265 512 fuerit,
298 434 335 493 ut
356 425 420 493 hoc
442 427 538 494 modo
560 429 671 494 hiatus
689 431 753 494 iste
777 436 937 512 tanquam
959 430 1095 496 illicitus
1118 438 1332 498 excusaretur

158 540 209 605 vel
229 539 460 605 obscuraretur
482 548 519 605 ut
541 540 635 604 Diels
657 546 770 622 putat,
802 541 937 604 dubium
961 541 1040 605 mihi
1062 543 1201 609 videtur.
1247 543 1329 606 For·

156 657 245 716 tasse
274 650 357 714 nihil
387 649 479 714 aliud
508 650 572 714 nisi
601 672 670 717 mos
694 658 728 718 et
750 652 953 715 consuetudo
985 653 1222 717 sententiarum
1255 675 1330 718 con·

157 761 387 825 struendarum
409 761 441 824 in
466 782 566 826 causa
586 761 727 837 fuerunt,
749 782 824 826 cum
845 782 942 843 saepe
965 761 1025 827 fiat
1052 767 1089 826 ut
1109 765 1276 829 sententia
1297 765 1330 827 in

156 872 345 937 hexametro
363 871 515 936 incohata
533 872 628 937 initio
649 873 849 955 pentametri
871 872 1070 940 absolvatur.

243 979 309 1046 Sed
339 980 420 1046 haec
449 983 580 1063 quidem
610 982 778 1048 hactenus.
834 983 908 1047 Etsi
938 982 1081 1048 fortasse
1106 1006 1169 1048 non
1199 983 1331 1066 singula

157 1091 267 1155 omnia
290 1092 335 1157 eis
357 1094 415 1176 qui
437 1093 586 1177 legerunt
608 1093 865 1176 probaverimus,
889 1100 1000 1160 tamen
1023 1101 1148 1161 rectam
1167 1093 1332 1176 quandam

156 1223 216 1267 nos
239 1203 323 1267 viam
341 1204 452 1268 iniisse
473 1225 652 1286 speramur,
678 1226 742 1287 qua
763 1203 930 1288 profectos
954 1206 1053 1270 etiam
1073 1206 1113 1270 de
1130 1204 1202 1268 aliis
1223 1203 1331 1285 poetis

156 1334 222 1377 non
239 1313 368 1379 inutilia
382 1337 488 1399 neque
501 1337 603 1400 parva
615 1314 788 1380 effecturos
798 1317 1030 1381 existimamus
1061 1316 1213 1382 Vidimus
1231 1316 1331 1398 igitur

156 1425 305 1508 primum,
330 1447 386 1490 eos
399 1427 454 1508 qui
467 1426 615 1490 distichis
628 1427 774 1491 carmina
784 1426 1000 1506 condiderint,
1025 1429 1264 1511 correptionem
1278 1447 1331 1490 vo·

158 1535 238 1600 calis
261 1535 380 1618 longae
399 1544 476 1602 ante
499 1537 633 1602 verbum
652 1536 790 1602 avooali
813 1537 971 1619 incipiens
994 1559 1057 1601 nou
1082 1559 1171 1602 mero
1194 1539 1330 1603 arbitrio

156 1647 279 1730 ubique
310 1645 480 1712 admisisse
509 1647 567 1713 sed
597 1648 694 1712 certis
725 1646 853 1728 legibus
883 1649 1034 1712 astrictos
1057 1648 1177 1726 suiss03
1213 1647 1331 1712 deinde

156 1779 326 1822 numerum
350 1759 515 1839 quendam
530 1757 735 1823 definivimus
755 1779 908 1823 versuum
927 1760 959 1822 in
977 1759 1105 1842 sylloge
1121 1757 1332 1838 Theognidea

158 1868 358 1932 exstantium
380 1870 436 1951 qui
457 1891 476 1934 a
500 1869 701 1951 Theognidis
724 1869 959 1934 consuetudine
989 1868 1188 1951 corripiendi
1210 1866 1329 1931 abhor-

157 1985 249 2043 reant
270 1981 391 2063 quique
411 2002 450 2045 ea
466 1981 506 2046 de
530 2003 630 2046 causa
646 2002 666 2045 a
681 1981 868 2063 Megarensi
889 1988 988 2062 poeta
1010 1979 1150 2063 profecti
1174 1998 1244 2042 esse
1265 1999 1330 2041 non

157 2091 293 2173 possint.
350 2090 434 2155 Sunt
467 2097 595 2174 autem,
635 2098 673 2156 ut
709 2093 742 2156 in
776 2113 875 2156 unum
911 2092 1120 2173 colligamus,
1154 2111 1203 2152 vv.
1227 2091 1332 2172 rasse,

159 2205 323 2281 aer-ee,
352 2206 516 2282 aar-vo,
552 2207 661 2288 rsus,
691 2205 857 2282 ass-oo,
889 2209 998 2285 sors,
1030 2204 1196 2280 eoa-ao,
1228 2202 1331 2284 sarpa,

160 2314 283 2399 lamp,
307 2313 338 2375 in
360 2334 487 2377 summa
510 2318 549 2377 52
572 2337 621 2377 vv.
