3030 4846
653 274 866 334 ..35-

171 484 270 530 nemo
291 469 399 547 neget
427 462 562 546 Duplici
582 463 681 528 modo
701 469 814 529 sutem
835 484 910 529 mes
929 463 1061 547 quidem
1081 466 1247 531 sententia
1266 464 1351 531 baec

169 596 224 640 res
246 574 407 656 explicari
425 581 545 657 potest
590 575 816 639 Accusatores
838 573 889 638 illi
912 575 1066 639 nimirum
1087 575 1194 641 furem
1213 576 1350 640 insimu-

169 685 243 750 lsnt
270 705 384 750 versus
409 705 451 748 ex
478 684 564 748 libro
591 685 701 767 primo
732 692 881 767 sumptos
912 686 1064 751 insnum
1092 707 1188 752 usum
1210 690 1349 752 vertisse

171 817 247 862 cum
268 795 442 880 parodism
470 816 565 860 susm
593 793 752 860 scriberet
762 800 798 873 ¹).
842 794 915 859 Noa
936 802 1050 860 contre
1073 797 1107 860 in
1137 796 1222 863 libro
1243 796 1350 863 altero

168 908 343 991 pristinam
364 906 519 970 carminis
539 906 660 988 integri
680 905 823 971 formam
844 906 953 971 adhuc
975 912 1139 972 serratam
1159 906 1258 972 uobis
1276 928 1349 990 per·

170 1018 350 1095 suasimus,
376 1015 543 1080 distichon
568 1015 715 1098 syllogus
745 1018 879 1082 maioris
899 1017 1123 1102 fragmentum
1143 1018 1250 1082 nostri
1271 1037 1349 1099 poe·

168 1129 266 1194 metii
285 1147 368 1192 esse.
402 1125 458 1192 Sic
479 1125 548 1190 fere
562 1124 677 1207 Bergk
698 1127 742 1192 ad
759 1150 787 1194 r.
805 1132 905 1207 12393
926 1126 1009 1192 fucit
1029 1135 1140 1193 autem
1157 1148 1233 1192 cum
1252 1127 1349 1192 nobis

169 1246 205 1304 et
226 1259 312 1303 unus
334 1258 375 1302 ex
397 1235 605 1317 adversariis,
627 1236 786 1302 Rintelen
807 1245 854 1321 (p.
870 1241 935 1316 41),
957 1238 1017 1321 qui
1030 1237 1192 1304 distichon
1212 1237 1348 1303 πολλάκι

165 1372 219 1414 ,σοι
252 1349 320 1431 adp
351 1344 425 1428 ἐμοί
451 1348 516 1412 nl„
545 1347 578 1410 in
612 1348 697 1413 libro
731 1373 753 1412 α
784 1355 908 1413 temere
942 1350 1101 1415 omissum
1133 1347 1303 1414 concludit
1311 1349 1347 1425 ²).

169 1458 278 1542 Quem
307 1457 456 1523 sodalem
485 1456 599 1523 Hiller
627 1460 752 1525 reicere
790 1465 930 1524 conatur
962 1481 1038 1524 cum
1068 1460 1163 1525 illum
1193 1467 1349 1525 naturum

171 1576 272 1652 utque
294 1567 440 1633 indolem
469 1567 547 1634 libri
575 1568 713 1634 alterius
745 1590 810 1634 nou
842 1575 934 1634 recte
955 1571 1140 1654 perspicere
1163 1571 1255 1636 dicit
1298 1572 1349 1636 At

170 1681 233 1745 boe
255 1678 549 1745 demonstrandum
569 1688 650 1759 erat,
673 1679 793 1743 librum
810 1700 852 1744 ex
865 1680 1011 1763 perodiis
1037 1690 1206 1759 constsre3
1230 1680 1349 1765 quodsi

168 1791 254 1857 hanc
274 1790 474 1856 senteutiam
489 1795 665 1872 sequentes
686 1789 769 1854 illud
787 1798 1016 1872 argumentum
1029 1791 1180 1869 affmunt,
1201 1793 1232 1857 si
1248 1811 1349 1876 porro

169 1901 311 1968 docetur
337 1907 569 1982 argumentum
595 1921 667 1966 esse
695 1921 816 1985 anceps
843 1901 931 1984 quod
958 1904 1059 1967 etiam
1083 1902 1117 1966 in
1145 1904 1347 1968 contrarium

169 2018 298 2096 psrtem
327 2012 412 2077 uerti
440 2012 565 2094 possit,
604 2033 704 2095 quam
733 2031 924 2094 perversum
953 2019 1005 2077 est
1034 2019 1104 2077 tum
1134 2012 1237 2079 verbu
1265 2012 1348 2078 tslis

171 2123 281 2190 facere
303 2122 417 2206 quslis
438 2121 565 2188 Hiller!
611 2121 730 2191 Nonne
750 2123 814 2187 hoc
841 2128 893 2188 est
920 2123 954 2187 iu
983 2124 1162 2190 circuloso
1186 2122 1346 2189 versare?

255 2233 332 2300 Uno
355 2234 458 2299 verbo
480 2254 630 2298 moneam
658 2256 687 2297 v.
705 2237 789 2297 1262
820 2233 966 2299 eiusdem
995 2233 1075 2300 libri
1104 2234 1245 2301 similem
1275 2254 1347 2300 esse

170 2346 222 2410 vel
244 2342 386 2409 eundem
406 2350 507 2426 atque
530 2347 612 2408 1239
625 2344 657 2411 b.
701 2342 801 2427 Quod
823 2343 922 2408 licere
951 2346 1018 2409 iam
1045 2366 1145 2430 supra
1175 2346 1221 2430 (p.
1239 2349 1279 2410 31
1295 2367 1345 2428 sq.

170 2455 214 2522 ad
234 2478 264 2520 v.
282 2460 379 2534 1238)
401 2455 518 2538 opinor
539 2454 726 2532 vidimuso.
771 2453 900 2538 Quibus
923 2455 1081 2539 expositis
1102 2456 1186 2520 nihil
1210 2477 1268 2520 nos
1288 2459 1346 2519 im·

169 2566 263 2652 pedit
287 2567 462 2649 quominus
488 2572 605 2631 contre
633 2565 888 2648 repetitionibus
920 2565 963 2631 ad
985 2573 1135 2632 nostram
1158 2566 1199 2632 de
1222 2566 1346 2648 origine

168 2676 359 2762 appendicis
389 2677 585 2742 sententiam
614 2675 846 2741 stabiliendam
875 2682 1017 2741 utemur.
1069 2676 1231 2741 Putamus
1260 2677 1346 2742 euim

168 2788 212 2855 ab
233 2787 348 2854 eodem
371 2788 428 2870 qui
449 2787 678 2852 collectionem
697 2787 853 2852 maiorem
877 2787 1138 2867 concinnaverit,
1170 2793 1204 2852 et
1225 2786 1346 2851 librum

168 2925 190 2965 α
218 2906 252 2966 et
275 2899 396 2964 librum
425 2904 449 2983 β
475 2919 515 2963 ex
547 2897 672 2964 eisdem
702 2897 840 2981 syllogis
869 2896 1107 2979 antiquioribus
1138 2896 1343 2980 excerpendo

256 3139 277 3208 ¹)
295 3136 360 3207 lisy
378 3154 404 3206 p.
422 3138 470 3204 30;
489 3135 614 3188 Oorsenn
632 3152 660 3204 p.
679 3137 695 3188 6
713 3138 743 3188 et
761 3135 808 3200 373
828 3133 962 3188 Schaefer
978 3151 1006 3204 p.
1023 3135 1067 3188 86.

254 3242 277 3310 ¹)
296 3241 337 3296 01.
355 3239 600 3294 Schneidewinum
616 3255 643 3307 p.
664 3238 696 3291 19
714 3241 742 3292 ot
759 3239 802 3291 37.

255 3345 279 3414 ⁸)
296 3342 339 3398 Of.
358 3341 463 3396 Simon.
483 3340 514 3395 G.
532 3342 574 3405 92,
592 3342 610 3392 2
627 3341 750 3407 (κείνων)
767 3339 866 3408 ῥήμασι
884 3339 1048 3405 πειθόμενοι
1054 3359 1064 3402 ;
1081 3339 1139 3395 Sol.
1151 3344 1177 3407 4,
1195 3343 1212 3395 6
1229 3341 1347 3410 χρήμασι

167 3430 348 3496 πειθόμενος
372 3427 479 3496 Theog.
496 3427 547 3480 194
568 3424 686 3494 χρήμασι
703 3424 886 3490 πειθόμενος,’
908 3426 964 3481 Sol.
989 3429 1014 3491 4,
1040 3422 1347 3496 11(οἷὸἰκοιι·)1ργμασι

167 3515 342 3582 πειθόμενοι,
359 3513 398 3568 id.
418 3513 458 3577 13,
478 3513 511 3566 12
529 3507 653 3578 (ἀδίκοις)
678 3511 792 3580 ἔργμασι
809 3508 993 3576 aseddus-vm
1018 3510 1125 3581 Thoog·
1147 3514 1199 3566 380
1222 3508 1347 3580 (ἀδίκοις)

168 3604 283 3672 ἔργμασι
301 3600 496 3664 ποιθομένοινῑ
522 3596 627 3665 Thoog.
654 3597 705 3649 948
732 3590 857 3665 (ἀδίκοις)
884 3592 1000 3663 ἀνδράσι
1026 3596 1208 3662 πειθόμενοι,
1239 3596 1345 3650 Simon.

168 3689 227 3749 140,
243 3687 261 3740 9
278 3682 377 3751 λήματι
393 3682 575 3748 σιοιθόμονοι,ο
593 3680 699 3750 Thoog.
718 3682 769 3734 'loo
787 3679 910 3751 σώφρονι
927 3679 1347 3746 ποιθόμονοο.-811111111811111

166 3776 197 3830 111
213 3772 304 3827 sltem
318 3769 488 3841 pentametri
505 3770 585 3837 porto
603 3766 707 3836 Thoog.
726 3768 779 3820 920
793 3770 891 3836 γαστρὶ
907 3764 1092 3835 χαριζόμενος,
1110 3765 1179 3820 ibid.
1197 3767 1250 3820 774
1270 3761 1346 3816 παιδ1

165 3856 342 3928 χαριζόμενοι
346 3873 357 3917 ,·
381 3854 485 3909 Simon.
505 3854 562 3916 123,
580 3855 598 3906 4
614 3855 692 3904 παισὶ
707 3850 899 3919 χαριζόμενοι,·
916 3852 959 3915 85,
978 3851 1012 3904 14
1022 3847 1105 3915 τλῆθι
1116 3849 1299 3920 χαριζόμενοι.
1312 3879 1345 3889 -

168 3944 278 3996 θεοῖσιν
296 3939 475 4007 ἐπευχόμενοι
494 3938 599 4007 Theog.
612 3939 664 3991 358
676 3939 704 3992 et
716 3940 776 4003 944,
796 3938 905 3988 θεοῖσιν
918 3934 1097 4000 ἐπευξάμενοι
1111 3936 1185 3990 1116.
1210 3934 1347 4004 Exemplo

167 4045 231 4083 cum
247 4025 397 4098 participio
415 4023 594 4089 ἐπιστάμενοι
612 4023 698 4077 habes
716 4020 825 4076 Archil.
845 4023 868 4082 1,
886 4023 916 4089 u;
941 4021 997 4075 Sol.
1018 4022 1057 4086 lo,
1082 4021 1130 4090 ⁶23
1155 4019 1261 4090 Theop.
1284 4019 1345 4086 sot,

166 4115 227 4180 652,
243 4115 307 4180 772,
335 4109 465 4178 Acschyl.
483 4113 509 4175 4,
527 4112 544 4163 4
561 4107 679 4179 Bergk.;
704 4107 827 4160 Philetus
849 4123 892 4176 ap.
912 4105 990 4161 Stob.
1015 4105 1075 4161 flor.
1093 4108 1135 4168 81,
1153 4107 1171 4158 4
1188 4123 1214 4160 v.
1233 4108 1250 4159 4
1269 4103 1345 4171 (vide

166 4197 367 4266 Kuelleubsrg.
384 4214 412 4266 p.
430 4196 485 4265 58).

1158 4311 1191 4364 ⁸*
