3036 4844
653 245 865 307 ·.21-

168 432 269 500 Cadit
300 435 361 500 hoc
390 436 424 501 in
457 457 504 502 11.
539 439 650 517 13314;
684 437 745 504 hos
767 439 868 522 igitur
895 439 1100 504 censebimus
1133 440 1272 505 fortuito
1306 462 1347 506 ex

169 548 312 612 carmine
334 548 477 628 genuino
496 545 702 629 Theognidis
732 556 861 633 ereptos
889 570 970 614 esse.
1016 549 1181 616 Versuum
1205 552 1348 635 denique

169 657 241 742 7718
265 657 359 743 origo
382 655 599 741 Theognidea
628 659 817 724 testimonio
840 658 992 724 Platonis
1025 660 1253 743 confirmatur,
1284 665 1347 727 uisi

168 769 243 851 quis
276 768 341 832 iam
376 775 487 834 aetate
519 769 707 853 philosophi
738 770 952 835 collectiones
985 772 1059 836 illas
1090 772 1346 854 monelegiorum

169 879 318 944 extitisse
335 885 443 962 putat,
466 880 500 944 iu
523 900 607 963 quas
630 881 730 946 etiam
755 881 899 946 disticha
919 881 1021 948 libere
1045 883 1254 947 conformata
1274 904 1347 965 per·

167 990 329 1055 venerint.

254 1101 409 1165 Alterum
431 1122 543 1182 genus,
567 1103 660 1166 cuius
683 1103 867 1186 exemplum
890 1125 991 1187 supra
1013 1105 1153 1170 vidimus
1172 1106 1273 1188 17516,
1296 1111 1347 1169 est

170 1211 384 1277 distichorum
408 1232 493 1294 quae
523 1232 563 1276 ex
586 1213 700 1295 elegiis
723 1220 854 1280 exsecta
883 1221 959 1279 sunt
982 1238 1001 1280 a
1026 1215 1169 1298 quodam
1197 1237 1262 1280 non
1284 1217 1346 1280 nisi

168 1323 284 1389 leviter
306 1329 436 1387 mutata
459 1323 486 1386 si
504 1343 587 1406 opus
606 1330 687 1404 erat,
712 1331 748 1388 ut
767 1346 826 1407 per
843 1346 879 1389 se
895 1333 983 1391 stare
997 1333 1143 1410 possent.
1178 1327 1345 1410 17154112

170 1441 203 1499 01
227 1433 342 1518 110314
364 1455 404 1498 ex
426 1455 491 1498 una
513 1434 695 1516 eademque
724 1435 830 1517 elegia
859 1437 940 1501 mihi
970 1439 1070 1503 tracti
1101 1460 1171 1503 esse
1194 1439 1348 1503 videntur

169 1545 266 1629 plura
287 1543 463 1627 superbiae
485 1545 634 1628 exempla
656 1547 842 1612 exhibente.

255 1654 403 1721 Tertium
438 1678 541 1740 genus
574 1658 622 1722 ita
653 1664 763 1722 ortum
795 1659 1010 1740 putabamus,
1045 1668 1083 1724 ut
1116 1660 1249 1745 quidam
1282 1682 1347 1725 uno

172 1769 311 1834 disticho
334 1768 476 1850 propriis
498 1767 607 1832 verbis
628 1767 706 1833 ficto
723 1775 950 1850 argumentum
974 1770 1073 1834 totius
1096 1772 1220 1853 elegiae
1242 1772 1348 1854 expri-

171 1901 258 1945 mere
287 1878 436 1943 studeret
464 1879 606 1964 (179180.
641 1881 741 1964 11718.
779 1878 919 1958 335161).
960 1879 1035 1943 Hoc
1064 1882 1204 1944 maxime
1231 1879 1274 1944 ad
1308 1902 1348 1946 00

170 1992 335 2074 pertinere
358 1988 504 2054 arbitror
525 2009 610 2072 quae
633 1997 768 2071 propter
785 1989 923 2055 formam
947 1991 1224 2074 neglegentiorem
1248 1990 1348 2055 offen·

171 2103 297 2167 sionem
326 2099 494 2183 praebent.
546 2098 594 2166 Ut
617 2122 667 2166 11.
701 2102 797 2186 33314
825 2102 935 2166 hiatus
967 2106 1043 2184 post
1071 2099 1170 2185 ἄνδρα
1202 2099 1347 2167 offendit.

171 2213 380 2298 Quamquam
402 2211 509 2276 critici
533 2212 729 2276 coniecturis
754 2213 932 2278 emendare
950 2214 1060 2278 conati
1084 2220 1176 2292 sunt;
1202 2218 1238 2276 at
1253 2209 1349 2298 ἀνέρα

171 2323 259 2408 quod
280 2322 454 2388 Hermann
475 2325 647 2405 proposuit
669 2345 836 2405 nunquam
859 2324 948 2408 apud
970 2324 1193 2407 Theognidem
1217 2325 1346 2406 legitur.

171 2435 330 2500 Fortasse
351 2433 438 2498 idem
462 2433 553 2498 cadit
574 2435 607 2498 in
630 2457 679 2499 vv.
704 2437 797 2516 23516
822 2435 877 2516 qui
901 2434 1155 2501 innumerabilia
1177 2435 1347 2499 hominum

172 2547 343 2611 doctorum
373 2545 549 2610 conamina
576 2546 665 2627 passi
693 2554 779 2610 sunt.
828 2544 895 2610 Ubi
927 2546 955 2608 si
985 2547 1175 2611 coniectura
1206 2542 1347 2609 sanandi

170 2664 262 2723 recta
286 2657 340 2722 via
364 2663 460 2735 esset,
483 2656 624 2720 maxime
645 2655 904 2720 Herwerdenum
928 2663 1060 2722 secutus
1083 2658 1131 2721 ita
1152 2655 1347 2721 scriberem:

230 2783 326 2850 Οὐδὲν
347 2785 521 2871 ἐπιπρέπει
543 2781 618 2870 ἡμῖν
639 2779 688 2847 c‘is'
713 2786 766 2866 (=
787 2786 889 2866 quae)
911 2781 1041 2867 ἀνδράσι
1063 2783 1289 2869 epilepticorum,

277 2892 347 2959 ἄλλ’
372 2889 431 2960 ὅσα
452 2894 559 2978 πάγχυ
580 2894 682 2969 πόλει,
707 2895 816 2979 Κύρνε,
840 2890 1033 2978 ἁλωσομένῃ.

173 3023 296 3090 Hiatus
319 3045 415 3090 versu
436 3025 540 3090 altero
564 3023 749 3090 tolerabilis
773 3030 860 3088 esset
872 3024 906 3102 ¹).

171 3193 220 3248 illa
243 3193 360 3264 politica
378 3194 527 3248 verborum
554 3212 617 3249 cum
642 3211 677 3248 ex
700 3194 795 3247 multis
819 3194 881 3247 aliis
900 3192 996 3262 elegiis
1022 3192 1122 3254 elucet,
1146 3194 1207 3244 tum
1228 3188 1348 3242 maxime

172 3284 289 3350 apparet
312 3297 347 3335 ex
370 3297 414 3335 vv.
431 3283 473 3347 34,
491 3283 602 3346 rsa-60,
627 3281 754 3334 183-98.
790 3279 879 3335 Recte
896 3280 932 3334 de
949 3279 1001 3332 hac
1019 3295 1050 3332 re
1073 3276 1199 3331 iudicant
1217 3273 1349 3330 Welclxer

171 3365 257 3435 prael.
281 3385 309 3436 p.
333 3365 408 3420 XXI
431 3383 490 3435 sqq.
518 3366 566 3435 qui
592 3366 732 3436 egregiam
759 3366 977 3436 disputationem
1003 3365 1127 3436 scripsit,
1153 3361 1349 3419 Schneidewin

172 3469 199 3522 p.
216 3453 259 3513 56,
277 3450 378 3506 Sitzler
395 3469 422 3520 p.
440 3453 482 3517 31,
500 3453 534 3504 38
551 3452 611 3523 (qui
623 3455 718 3506 tamen
732 3453 814 3506 nimis
826 3470 923 3507 severe
935 3458 963 3507 et
974 3453 1110 3521 anguste),
1129 3450 1225 3521 Bergk
1239 3448 1348 3505 Griecb.

172 3537 228 3593 Lit.
246 3536 279 3592 H
296 3555 324 3608 p.
341 3539 393 3591 323
412 3554 435 3590 o.
455 3538 518 3591 adu.
536 3540 583 3599 31,
602 3536 735 3592 Immisch
753 3557 780 3607 p.
799 3541 844 3604 75,
873 3538 964 3592 Oauer
981 3537 1116 3592 Parteien
1138 3537 1198 3591 aad
1215 3535 1350 3590 Politilscr

171 3625 203 3680 10
220 3624 338 3696 Megara
356 3641 384 3678 a.
402 3622 492 3678 Athen
511 3623 628 3693 (810119.
642 3624 721 3692 1890)
735 3642 762 3693 p.
774 3627 799 3678 8.
829 3625 1025 3679 Adversantur
1037 3623 1208 3692 argumentis
1220 3637 1348 3689 magnam

172 3714 281 3780 partem
299 3708 439 3779 perversis
457 3708 500 3762 usi
513 3707 686 3762 Schoemaun
704 3709 875 3764 schediasma
894 3710 929 3764 de
941 3709 1114 3778 Theognide,
1132 3724 1196 3775 opp.
1209 3704 1254 3759 IV
1267 3723 1294 3773 p.
1305 3705 1348 3771 37,

171 3795 305 3865 Hertung
328 3794 414 3865 praef.
438 3811 465 3862 p.
485 3797 516 3848 17
540 3811 607 3862 sqq,
634 3793 727 3846 Hiller
746 3794 843 3849 Jahrb.
866 3794 988 3862 filelass.
1007 3792 1080 3848 Phil.
1106 3792 1171 3844 1881
1190 3809 1217 3858 p.
1238 3792 1288 3843 461
1308 3806 1348 3857 sq.

172 3885 268 3950 (quem
291 3880 432 3934 immerito
457 3880 582 3947 sequitur
605 3878 691 3932 Flach
719 3877 938 3948 (1νὶ00111111
962 3897 988 3946 p.
1006 3879 1070 3945 396)
1094 3879 1123 3929 01
1146 3874 1302 3930 Jaaraoer.
1324 3875 1348 3942 f.

172 3967 253 4022 klasa
277 3967 378 4022 Altera
414 3967 480 4020 1888
509 3984 538 4036 p.
570 3967 626 4018 138.
673 3963 842 4017 Pravissima
870 3962 1066 4031 interpretatio
1096 3961 1250 4014 carminum
1278 3976 1350 4028 quae

172 4053 286 4106 maximi
305 4052 341 4107 ad
359 4068 418 4106 rem
435 4052 571 4106 momenti
588 4054 652 4104 sunt
670 4048 705 4102 ab
724 4048 835 4102 Hillero
853 4048 964 4115 prolata
981 4046 1062 4100 valde
1087 4045 1220 4099 abhorret
1238 4063 1254 4098 0
1271 4061 1362 4100 more-

173 4138 227 4192 siri
245 4138 322 4194 docti
340 4138 503 4206 ceteroquin
521 4136 595 4190 cauti
613 4140 641 4190 01
658 4134 771 4204 sagacis.

261 4225 284 4292 ¹)
301 4222 474 4278 Herwerden
491 4221 675 4275 animadvers.
693 4220 729 4273 ad
744 4217 935 4288 Theognidem
954 4236 981 4288 p.
1002 4219 1041 4272 la.
