3036 4844
648 275 870 335 ...11-

168 463 200 531 si
224 464 492 547 perpenderimus
516 471 549 530 et
571 483 674 530 unum
695 464 778 531 illud
805 465 838 530 in
862 465 1054 532 memoriam
1078 464 1345 531 revocaverimus

171 599 236 662 qno
260 579 332 646 loeo
356 599 473 646 versus
496 580 608 647 iterati
631 587 709 647 sunt
724 580 854 648 omnino
870 600 934 648 non
951 581 1123 664 copulatos
1139 597 1345 662 conexosque

172 715 245 763 esse
275 715 349 762 cum
376 696 494 763 ricinis
517 696 656 780 ideoque
686 697 733 764 eis
761 715 821 764 nos
856 716 969 764 carere
995 682 1116 780 posse,
1152 697 1245 763 nulla
1278 696 1344 762 iam

172 810 333 878 dubitatio
362 812 437 893 erit4
466 813 544 894 quin
572 812 683 894 priore
706 814 778 880 loeo
802 831 883 880 vera
906 812 1105 895 Theognidis
1129 830 1246 878 manus
1270 829 1345 894 cog·

170 927 336 993 noscenda
358 927 411 994 sit.

260 1043 335 1128 Age
359 1062 446 1111 nuno
467 1043 640 1111 videamus
664 1045 704 1111 de
728 1043 881 1122 versibus
905 1049 1051 1112 87—90:

256 1167 357 1253 :Mic
380 1170 411 1251 μ’
437 1169 530 1234 ἔπεσιν
553 1168 605 1252 μὲν
630 1171 822 1256 caepasios
845 1169 924 1256 δ’ἔχε
946 1169 993 1233 καὶ
1015 1169 1122 1256 φρένας
1144 1169 1223 1252 ἄλλῃ

301 1284 384 1393 aina
407 1284 500 1370 φιλεῖς
519 1286 567 1347 καί
590 1307 632 1347 σοι
655 1306 750 1354 nero:
772 1285 863 1370 ἔνεστι
885 1288 957 1355 νόος

295 1397 335 1462 H
357 1420 395 1482 ps
417 1399 493 1484 φίλε.
514 1400 641 1486 καθαρὸν
664 1399 787 1481 θέμενος
807 1404 881 1476 νόον,
903 1402 923 1485 ἡ
947 1401 1120 1484 panemo

301 1513 425 1600 ἔχθοιμ’,
448 1514 592 1600 ἀμφαδίην
615 1522 705 1584 νεῖκος
728 1518 925 1602 οὶεομοίμενος,Ι

174 1638 227 1720 qui
254 1639 288 1705 in
316 1639 484 1706 codicibus
512 1640 546 1707 A
573 1646 607 1706 et
634 1641 663 1708 Ο
691 1645 1039 1722 postversum1082
1067 1642 1116 1708 ita
1138 1640 1261 1708 variat-i
1283 1640 1344 1706 ite·

173 1760 301 1836 rantur,
336 1762 374 1822 ut
400 1775 460 1839 pro
489 1756 568 1839 ἄλλῃ
599 1757 706 1830 ἄλλος,
741 1776 801 1840 pro
835 1759 855 1842 ἦ
884 1779 930 1852 με,
956 1758 1030 1843 φίλει
1065 1757 1144 1818 ἀλλὰ
1178 1755 1253 1841 pila
1284 1773 1343 1836 pro

172 1870 315 1957 ἀμφαδίην
344 1871 496 1958 ἐμφανέος
523 1874 811 1940 substituerentur.
858 1874 933 1940 Hoc
971 1873 1042 1940 loco
1070 1890 1134 1939 non
1168 1889 1344 1954 possumus

172 1986 253 2054 satis
288 1987 416 2069 mirari,
452 1989 539 2071 quod
573 1990 626 2055 vel
659 1990 768 2055 Hiller
800 1990 852 2055 vir
883 1987 1107 2069 doctissimus,
1143 1986 1199 2070 qui
1233 1985 1343 2053 sobrio

173 2101 290 2169 indicio
319 2122 399 2170 usus
427 2123 492 2170 non
520 2110 589 2171 stat
615 2123 636 2170 a
663 2103 815 2186 partibus
844 2122 971 2184 eorum,
1000 2103 1057 2184 qui
1087 2121 1218 2184 semper
1244 2101 1343 2167 itera-

175 2221 241 2282 tum
268 2219 376 2284 locum
405 2238 465 2301 pro
492 2219 633 2301 genuino
662 2225 792 2301 putent,
821 2218 866 2304 (J.
894 2223 994 2299 1886,
1022 2239 1054 2300 p.
1078 2219 1134 2302 58)
1163 2223 1197 2284 et
1225 2217 1343 2291 Sitzler

178 2330 230 2414 (N.
244 2332 303 2399 Pb.
320 2335 359 2399 R.
379 2340 475 2415 1886,
492 2355 523 2418 p.
542 2337 620 2419 242)
643 2341 721 2401 utra
744 2335 841 2403 lectio
866 2335 963 2402 alteri
983 2334 1027 2401 sit
1048 2334 1264 2417 praeferenda
1285 2334 1343 2400 du·

176 2445 286 2514 bitant.
334 2449 416 2531 Quis
451 2450 537 2516 enim
572 2457 637 2532 est,
656 2451 761 2545 ‚quinq
786 2452 945 2518 librorum
979 2452 1013 2516 in
1048 2468 1187 2516 examen
1218 2451 1343 2517 vocatis

172 2561 366 2630 lectionibus
395 2564 509 2631 statim
536 2565 709 2652 intellegat
743 2569 910 2652 glossema
938 2567 1090 2653 ἐμφανέως
1117 2567 1226 2632 locum
1253 2565 1343 2632 vocis

167 2679 332 2762 genuinae
360 2681 561 2763 occupasse.¹
610 2683 735 2749 Forma
763 2681 912 2749 adverbii
939 2679 1084 2767 ἀμφαδίην
1107 2680 1229 2762 legitur
1256 2680 1344 2762 apud

168 2794 350 2862 Homerum
386 2796 426 2862 Il.
461 2798 505 2863 H.
544 2802 622 2877 196,
654 2799 685 2863 Ν
718 2802 796 2877 366,
833 2796 893 2863 Od.
928 2818 942 2858 ε
977 2800 1050 2875 120,
1085 2795 1220 2880 tippulae
1256 2797 1344 2877 apud

168 2909 407 2977 Archilochum
432 2917 484 2992 66,
507 2920 530 2978 4
552 2913 665 2996 Bergk
689 2914 793 2998 (324
815 2911 948 2996 Hiller).

437 3046 494 3110 Καὶ
516 3052 590 3134 μήτε
613 3053 696 3110 νικῖον
719 3046 854 3133 ἀμφάδην
878 3046 1013 3130 cirillae,
1061 3090 1065 3105 .

437 3168 512 3249 μήτε
534 3163 659 3247 νικηθεὶς
683 3162 712 3225 ἐν
736 3164 802 3247 οἴοομ
827 3159 995 3225 καταπεσὼν
1018 3159 1138 3248 disperii

167 3296 242 3380 llgo
270 3297 402 3378 quidem
429 3300 540 3364 nullus
569 3297 697 3376 dubito,
722 3297 799 3378 quin
823 3297 926 3361 etiam
950 3294 1030 3376 ἄλλῃ
1052 3294 1086 3360 in
1109 3295 1173 3363 line
1197 3316 1228 3361 v.
1245 3300 1286 3360 87
1312 3300 1345 3361 et

168 3412 189 3495 ἠ
214 3434 250 3495 με
277 3412 311 3478 in
339 3413 473 3480 exordio
502 3434 534 3479 v.
556 3418 598 3479 89
627 3412 809 3495 simplicius
837 3431 877 3478 ac
905 3410 1015 3478 verius
1044 3401 1222 3478 dictasint
1245 3429 1344 3493 quam

169 3528 316 3607 quaein
344 3529 519 3595 iteratione
546 3529 580 3595 in
608 3548 722 3596 eorum
750 3530 857 3594 locum
887 3527 1079 3594 substituta·
1095 3533 1182 3594 sunt
1234 3528 1343 3594 Verbo

170 3644 367 3711 monendum
396 3650 448 3711 est
471 3645 696 3725 Studemundo
724 3650 810 3712 teste
838 3643 871 3710 in
899 3644 1011 3712 codiee
1035 3644 1064 3713 Ο
1091 3643 1244 3711 inferiore
1273 3644 1343 3709 loco

170 3779 236 3826 non
259 3761 363 3832 ellac„
387 3762 444 3828 sed
460 3762 540 3846 ἄλλη
556 3762 715 3844 scriptum
732 3780 815 3840 esse,
836 3767 874 3826 ut
890 3760 978 3842 apud
994 3759 1186 3842 Euripidem
1203 3758 1342 3842 legimus

171 3876 281 3944 Orest.
308 3884 390 3944 1181

244 4047 254 4086 ¹
273 4050 310 4103 ei.
328 4049 506 4113 Heimsoeth,
525 4047 680 4103 Emendat.
698 4045 863 4113 Theognid.
881 4061 912 4112 p.
928 4045 968 4098 17.

243 4153 404 4210 ²eandem
430 4154 565 4210 adverbii
591 4156 716 4209 formam
743 4167 904 4223 agnoscere
930 4151 1004 4205 mihi
1032 4151 1135 4207 videor
1162 4152 1195 4206 in
1222 4150 1342 4213 Solonis

171 4245 336 4311 fragmento
364 4245 445 4312 apud
472 4245 662 4299 Aristotelem
689 4239 785 4314 (soar.
761 4241 891 4295 »maela
914 4241 959 4294 ed.
978 4241 1017 4305 ΙΙ,
1040 4256 1070 4309 p.
1090 4242 1133 4304 32,
1157 4240 1186 4309 8)
1214 4245 1343 4295 servato:

169 4330 250 4404 δήμῳ
271 4334 326 4403 μὲν
309 4328 429 4404 rottei
452 4331 614 4406 6ιαφραν
543 4331 614 4399 adin
635 4327 779 4389 6νιε6ίσαμ
801 4329 909 4398 prode
911 4327 1045 4400 appamia
1029 4325 1195 4400 ν’μᾰμφα
1178 4327 1253 4394 soar
1271 4330 1343 4384 seri-

170 4420 308 4477 bendum.
