3030 4846
697 277 911 338 ..34-

216 473 316 548 rarat,
340 467 520 533 clausulam
535 469 631 533 huius
654 469 779 552 elegiae
797 491 868 535 esse
889 470 1040 536 voluisse.
1075 469 1191 537 Habes
1211 470 1314 554 igitur
1332 472 1398 537 hoc

217 600 350 665 poema:

345 686 463 775 Ὦραῖος
483 690 536 753 ναὶ
552 687 655 771 Ἔρως
675 689 882 772 ἐπιτέλλεται,
907 687 997 779 ἡνίκα
1017 713 1078 777 περ
1099 699 1141 778 γῆ

421 798 550 864 ἄνθεσιν
568 799 716 883 εἰαρινοῖς
736 800 851 866 della
873 799 1035 888 αἐξομένη,

344 919 442 998 τῆμος
456 909 560 994 Ἕριος
578 910 747 994 προλιπών
770 912 908 996 Κύπρον,
932 914 1122 998 περικαλλέα
1143 917 1243 1000 νῆσον,

421 1017 498 1087 εἶσιν
519 1021 572 1086 ἐπ’
592 1019 785 1103 ἀνθρώπως
805 1028 930 1107 σπέρμα
952 1029 1058 1109 φέρων
1078 1022 1156 1088 κατὰ
1177 1031 1243 1112 γῆς,

347 1129 431 1211 ὅστις
450 1156 497 1200 οοι
517 1131 680 1217 βούλευσεν
700 1132 776 1215 ἐμοῦ
799 1140 872 1219 πέρι
893 1135 945 1197 καὶ
965 1131 1148 1198 σ’ἒκέλευοεν

314 1238 320 1261 “
422 1244 568 1324 οἴχεσθαι
591 1241 788 1329 προλιπόνθ’
810 1241 961 1331 ἡμετέρην
981 1245 1099 1328 φιλίην.

216 1400 267 1464 At
290 1399 353 1464 hoc
379 1419 497 1481 poema
526 1404 594 1462 tam
624 1398 771 1480 ineptum
802 1404 835 1462 et
871 1399 1025 1463 miserum
1052 1403 1117 1478 est,
1150 1397 1249 1481 quale
1275 1404 1397 1464 auctor

217 1509 408 1593 appendicis
425 1529 594 1590 nunquam
611 1507 783 1574 commisit.
814 1507 919 1573 Doleo
939 1508 1044 1590 igitur
1065 1528 1116 1572 me
1131 1507 1262 1573 Hillero
1284 1529 1395 1574 assen-

216 1619 272 1683 tiri
294 1638 360 1683 non
382 1639 489 1701 posse.
534 1617 641 1684 Immo
669 1640 742 1684 cum
765 1618 912 1701 Bergkio
943 1618 1108 1684 distichon
1138 1619 1283 1684 arbitror
1308 1619 1395 1704 frag-

216 1733 359 1795 mentum
375 1750 445 1795 esse
462 1728 585 1811 elegiae
601 1751 689 1794 nunc
712 1730 851 1795 amissae
872 1730 1025 1813 idemque
1048 1731 1231 1813 antiquitus
1252 1731 1288 1794 in
1310 1730 1395 1797 libro

214 1839 364 1925 stlocum
385 1838 549 1922 habuisse,
572 1841 661 1906 unde
681 1841 714 1904 in
738 1840 858 1906 librum
876 1865 897 1904 α
918 1840 1125 1909 translatum.

301 1949 388 2016 Item
417 1951 504 2015 omni
536 1950 773 2033 probabilitate
804 1958 895 2016 caret
916 1973 1028 2017 versus
1054 1952 1167 2035 110718
1190 1949 1232 2015 ab
1259 1956 1395 2016 anctore

215 2082 328 2127 musae
362 2061 499 2144 puerilis
531 2060 679 2127 versibus
715 2061 884 2126 1311-18
915 2067 953 2126 nt
985 2061 1084 2126 finem
1124 2061 1269 2127 adnexos
1311 2082 1394 2129 esse.

214 2171 367 2254 Namque
388 2190 521 2236 carmen
544 2171 745 2237 antecedens
768 2195 796 2239 v.
817 2174 900 2237 1318
920 2171 968 2236 ita
986 2170 1173 2238 absolutum
1196 2193 1267 2238 esse
1290 2172 1394 2238 mani·

216 2283 355 2363 festum,
389 2288 427 2346 ut
459 2280 622 2347 distichon
653 2283 768 2363 1107l8
797 2282 888 2347 nullo
916 2281 1015 2347 modo
1045 2304 1118 2349 cnm
1157 2284 1205 2350 eie
1239 2283 1394 2368 coniungi

214 2395 329 2477 possit.

302 2500 421 2584 Neque
444 2503 485 2568 de
506 2525 555 2566 vv.
575 2504 691 2588 949150
714 2507 791 2567 ente
814 2525 862 2566 vv.
881 2506 1049 2568 1279-82
1071 2505 1233 2587 repetitis,
1257 2526 1288 2586 q.
1306 2523 1331 2567 s.

386 2638 508 2724 Νεβρόν
529 2633 612 2718 ὑπὲξ
628 2637 761 2723 ἐλάφοιο
783 2639 862 2703 λέων
882 2637 928 2718 ὥς
944 2637 1016 2704 ἀλκὶ
1038 2639 1208 2717 πεποιθώς

472 2749 565 2814 ποσοὶ
583 2749 809 2836 ναταιμάρψας
826 2749 961 2832 αἵματος
980 2749 1036 2815 οὐκ
1058 2749 1157 2826 ἔπιον,

215 2925 297 2989 quos
325 2903 435 2969 Hiller
468 2903 645 2986 plagiatori
686 2904 816 2969 initium
853 2904 1007 2969 carminis
1039 2905 1243 2987 insequentis
1278 2904 1394 2970 fecisse

215 3016 412 3097 arbitratur,
441 3035 495 3081 res
516 3015 564 3080 ita
586 3034 621 3079 se
644 3013 761 3095 habet,
796 3036 995 3098 quamquam
1022 3015 1105 3080 illud
1136 3015 1243 3099 primo
1274 3014 1393 3080 obtutu

215 3128 358 3211 speciem
387 3126 554 3209 quandam
583 3125 693 3192 habet.
738 3125 846 3192 Poeta
874 3127 958 3190 enim
987 3127 1168 3192 amatorius
1192 3126 1219 3190 si
1241 3125 1324 3190 illud
1347 3124 1393 3189 f·

216 3239 325 3320 cisset
348 3239 417 3303 sine
440 3236 541 3303 dubio
564 3236 727 3302 distichon
747 3257 812 3301 non
831 3258 892 3319 per
912 3257 947 3301 se
969 3236 1075 3302 solum
1095 3237 1302 3316 collocasset,
1335 3234 1394 3302 sed

214 3370 288 3416 cum
317 3347 465 3413 versibus
495 3346 747 3428 insequentibus
781 3347 814 3410 in
845 3368 945 3411 unum
969 3368 1099 3412 carmen
1123 3346 1393 3430 conglutinasset.

215 3457 333 3542 Neque
356 3478 432 3523 vero
455 3477 591 3540 prorsus
613 3464 690 3541 apte
714 3456 869 3540 coniungi
896 3463 1017 3541 potest,
1048 3458 1259 3541 quodetiam
1281 3456 1394 3522 Hiller

216 3569 357 3636 sensisse
380 3567 519 3648 videtur,
542 3588 616 3632 cum
636 3566 669 3630 in
685 3567 911 3650 Anthologiae
927 3569 986 3653 lyr.
1005 3569 1150 3634 editione
1174 3576 1294 3651 quarta
1315 3587 1336 3632 a
1358 3587 1393 3633 se

215 3685 331 3747 curata
361 3698 474 3744 versus
509 3681 591 3742 1278
619 3699 654 3759 ο,
686 3678 707 3742 d
742 3699 816 3742 cum
852 3683 933 3743 ,1279
954 3701 1023 3763 sqq.
1060 3686 1254 3745 connectere
1292 3698 1394 3745 ausus

215 3791 354 3857 nonsit.

300 3901 494 3986 valialla
518 3901 659 3984 denique
681 3900 878 3966 documento
902 3908 979 3966 sunt
996 3921 1095 3984 quam
1116 3921 1272 3984 perversa
1294 3920 1393 3982 argu·

214 4013 385 4080 mentandi
418 4011 548 4078 ratione
574 4011 785 4094 parodiarum
816 4019 1006 4095 captatores
1036 4016 1183 4077 utentur.
1238 4011 1394 4099 Redeunt

214 4127 300 4190 enim
322 4125 356 4189 in
372 4123 456 4189 libro
471 4123 577 4188 altero
596 4128 674 4188 ante
689 4146 716 4187 v.
737 4127 819 4189 1239
839 4143 922 4206 sqq,
941 4123 991 4188 ita
1013 4129 1125 4188 tamen
1146 4129 1184 4187 ut
1206 4123 1392 4189 arctissimo

214 4235 343 4300 vinculo
361 4255 434 4300 cum
452 4234 520 4300 illie
535 4234 687 4317 coniungi
712 4240 745 4299 et
766 4233 906 4316 elegiam
922 4254 1021 4298 unam
1036 4234 1260 4316 integramque
1282 4232 1393 4299 facere
