3036 4844
567 291 863 350 5-67-

170 480 396 566 Theognidem
414 481 573 549 melodias
596 481 640 546 ad
654 484 805 547 'carmina
825 504 885 548 000
907 483 1095 549 adhibuisse
1118 484 1262 565 nogat1),
1286 483 1344 547 sed

170 595 244 660 ride
267 593 764 680 0101011000Ιιίίίεναίιινηιεοίι.2
787 617 818 678 p.
838 597 898 658 115
922 601 990 660 not.
1016 601 1044 660 3.

256 704 420 789 Quartum
442 704 560 788 pedem
588 705 715 770 hiatum
738 705 941 771 trochaicum
971 726 1036 768 non
1067 705 1240 770 admisisse
1271 705 1343 771 iure

169 816 423 898 affirmabimus,
472 816 626 898 quoniam
656 838 694 881 ex
731 818 927 884 hexametris
959 816 1027 881 fore
1063 821 1145 882 2950
1179 838 1243 882 000
1283 816 1345 881 nisi

171 947 255 992 unus
276 927 400 994 habere
427 928 575 1009 videtur,
607 928 774 994 Leonidas
797 929 997 994 Tarentinus
1026 932 1099 1010 63,5
1126 929 1185 1013 (Α.
1215 928 1252 990 Ρ.
1274 926 1345 994 VII

173 1041 247 1120 740)

324 1146 341 1215 ὁ
362 1154 438 1231 πρίν
460 1187 500 1196 -
522 1153 553 1213 τί
573 1151 674 1214 πλείω
695 1156 873 1233 pericopam
898 1148 915 1215 ὁ
937 1157 1015 1216 πάσι
1036 1151 1202 1233 μακαριός.

173 1311 240 1378 Sed
260 1313 356 1377 etiam
381 1313 437 1377 hic
461 1312 626 1378 evanescit
660 1312 688 1375 si
710 1312 887 1377 lectionem
905 1311 1110 1379 Planudram
1132 1311 1348 1395 praeferimus

172 1444 258 1505 quae
283 1429 332 1489 est
351 1423 516 1505 poderip’;'
534 1420 588 1485 ἐπὶ
612 1426 736 1503 naoth.

258 1531 414 1600 Omnium
437 1534 720 1617 frequentissimas
751 1536 977 1617 correptiones
1009 1535 1110 1600 habet
1138 1535 1218 1600 item
1249 1541 1350 1618 atquo

174 1644 263 1727 apud
276 1643 461 1711 Homerum
481 1645 582 1711 thesis
598 1645 704 1709 altera
724 1645 817 1728 pedis
841 1645 961 1728 quarti.
1008 1643 1095 1710 Nam
1112 1665 1186 1709 cum
1204 1647 1350 1710 omnium

173 1775 255 1838 quas
277 1757 448 1821 numerari
480 1756 723 1840 correptionum
754 1776 881 1820 summa
904 1757 1046 1831 011719,
1075 1755 1192 1820 harum
1222 1761 1284 1820 250
1318 1757 1351 1820 in

173 1864 233 1930 illa
264 1865 342 1931 sede
375 1888 487 1933 versus
510 1867 640 1950 positae
663 1871 750 1948 sunt,
783 1868 803 1931 i.
828 1888 855 1933 0.
878 1864 947 1932 fero
970 1867 1072 1930 tertia
1105 1887 1191 1948 pars.
1239 1867 1349 1933 Huius

173 1976 380 2060 frequentiae
414 1999 516 2044 00000
549 1979 614 2043 fuit
648 1978 717 2042 sine
754 1976 853 2042 dubio
885 1976 1031 2042 studium
1059 1977 1244 2042 hexametri
1275 1984 1353 2061 post

173 2108 327 2154 caesuras
360 2089 562 2173 principales
590 2089 683 2154 tertii
719 2087 812 2171 pedis
845 2109 983 2154 caesura
1010 2088 1070 2154 illa
1101 2108 1186 2170 quae
1216 2093 1352 2154 vocatur

176 2199 329 2266 bucolica
357 2200 529 2266 incidendi
542 2202 579 2284 ³).
635 2198 811 2267 Vocalium
843 2206 954 2265 autem
993 2199 1042 2263 rel
1071 2199 1211 2265 maxime
1239 2197 1352 2283 dilige·

173 2310 272 2378 batur
290 2313 348 2377 illo
365 2313 439 2377 loco
457 2311 683 2395 diphthongus
697 2335 739 2389 αι,
760 2331 844 2393 quae
861 2308 1096 2376 duodecenties
1112 2310 1181 2377 illic
1203 2318 1353 2396 correpta

174 2429 233 2503 001,
257 2422 277 2487 i.
302 2444 328 2488 e.
353 2443 392 2487 ex
414 2422 585 2489 vocalibus
608 2423 769 2507 correptis
792 2423 901 2506 quinis
923 2422 1019 2488 binae
1044 2422 1223 2507 00101οι4).

258 2530 370 2598 Etiam
392 2533 454 2597 hoc
477 2533 650 2599 observare
673 2534 768 2613 licet,
803 2534 846 2598 ad
869 2533 994 2598 hiatum
1024 2535 1135 2616 quarti
1157 2533 1251 2616 pedis
1275 2532 1350 2598 dac·

173 2643 309 2726 tylicum
341 2645 518 2727 praecipue
548 2645 698 2710 adhiberi
732 2645 849 2710 solitas
883 2644 1057 2709 verborum
1093 2642 1214 2710 formas
1248 2644 1283 2708 in
1317 2668 1351 2709 αι

173 2760 347 2835 exeuntes,
374 2760 411 2820 01
442 2751 664 2842 ὑποθήσομαι,
693 2755 869 2838 ἐργάζεται,
900 2759 1034 2836 γίνεται,
1063 2751 1225 2819 ἀναίνεται
1248 2760 1300 2819 010
1326 2754 1349 2838 ).

175 2863 247 2930 Nec
268 2867 374 2931 minus
398 2887 495 2949 saepe
517 2868 685 2931 nominum
707 2865 1006 2948 patronymicorum
1029 2864 1145 2930 ultime
1163 2870 1240 2929 ante
1263 2864 1350 2928 diae·

173 2977 272 3041 resim
291 2976 477 3042 bucolicam
508 2977 701 3060 corripitur,
733 2977 872 3041 maxime
900 2976 935 3042 in
962 2975 1120 3040 vocativo.
1166 2973 1219 3037 En
1246 2973 1349 3038 habes

175 3087 341 3170 exemplu:
367 3088 552 3172 Πολυειαίόη
568 3086 714 3168 Theogn.
737 3091 789 3168 25,
811 3090 861 3167 57,
888 3090 937 3165 79,
964 3089 1034 3166 129,
1061 3088 1131 3160 143,
1158 3086 1239 3148 1197
1259 3090 1348 3164 (con-

174 3202 224 3260 tra
245 3198 280 3262 in
300 3201 415 3282 quinto
437 3200 521 3283 pede
545 3204 595 3281 61,
620 3203 691 3279 191,
716 3200 808 3279 541),
835 3197 991 3282 Σιμωνίδη
1016 3195 1159 3279 'l'hcogn
1175 3199 1249 3276 469,
1275 3199 1347 3276 667,

261 3421 280 3487 ¹]
299 3420 373 3475 XIV
391 3421 483 3476 632d:
511 3416 669 3488 Ξενοφάνης
693 3416 722 3470 δὲ
745 3424 789 3469 καὶ
809 3417 904 3470 Σάλιον
928 3422 973 3469 ναὶ
993 3418 1102 3485 Θέογνις
1125 3421 1170 3468 καὶ
1190 3413 1348 3483 Φωκυλίδης,

175 3504 213 3553 ἔτι
231 3502 259 3555 δὲ
279 3504 448 3579 Περίανδρος
472 3507 487 3557 ὁ
507 3508 661 3575 Κορίνθιος
685 3504 863 3574 ἐλεγειοποιὸς
887 3507 932 3555 καὶ
949 3506 1006 3556 cuir
1024 3501 1128 3555 λοιπῶν
1146 3503 1228 3572 01μή
1248 3503 1349 3573 προοά·

172 3608 266 3656 γοντεε
283 3591 351 3659 πρὸς
362 3592 398 3645 τά
410 3592 548 3657 ποιήματα
565 3588 700 3657 μελῳδίαν
719 3591 861 3642 ἐκπονοῦσι
878 3590 942 3644 τούς
961 3594 1064 3652 orimur
1081 3603 1137 3644 sols
1156 3589 1287 3658 ἀριθμοῖς
1304 3594 1349 3640 καὶ

173 3676 205 3740 τῇ
223 3675 295 3736 τάξει
312 3678 369 3729 τῶν
385 3684 494 3748 μέτρων
512 3674 704 3744 <τελείονε>

260 3761 282 3829 1)
301 3762 384 3816 Illum
397 3764 503 3816 hiatum
515 3762 644 3815 illicitum
657 3778 715 3814 0000
728 3760 852 3814 nondum
864 3761 972 3814 sciebat
984 3761 1114 3815 Meineke
1133 3759 1270 3828 (delectus
1281 3778 1347 3830 poe·

173 3849 265 3900 tarum
283 3849 395 3902 Anthol.
413 3849 536 3903 Graecae
554 3866 580 3917 p.
595 3848 644 3900 127
656 3852 715 3914 οη).

261 3933 285 4001 ³)
303 3933 345 3988 Of.
364 3935 470 3990 Usener
488 3934 585 3989 Jahrb.
602 3934 625 4000 f.
644 3932 717 3988 Phil.
737 3933 804 3985 1878
821 3948 848 3998 p.
861 3933 902 3984 68.

258 4019 281 4085 ⁴)
299 4019 342 4074 Ne
360 4021 428 4089 quid
446 4022 632 4084 desideretur,
658 4034 786 4072 numeros
811 4018 933 4070 omnium
958 4019 1095 4072 vocalium
1121 4019 1149 4070 in
1167 4017 1240 4072 thesi
1258 4021 1346 4075 altere

172 4104 251 4173 pedis
269 4108 363 4174 quarti
385 4105 523 4159 hiantium
546 4121 686 4176 propono:
710 4105 744 4157 98
763 4122 803 4167 αι,
828 4104 861 4154 38
880 4121 919 4169 οι,
938 4105 971 4155 33
990 4122 1034 4169 ον,
1053 4106 1087 4157 28
1106 4123 1135 4170 η,
1156 4104 1188 4156 15
1206 4124 1243 4171 ῳ,
1264 4108 1296 4159 10
1314 4126 1345 4169 ω,

172 4191 188 4242 6
206 4210 231 4255 a
249 4192 266 4243 3
284 4211 310 4256 a
327 4192 344 4244 2
360 4195 389 4246 ᾱ.

259 4275 283 4343 ⁶)
301 4276 366 4334 Hoc
384 4277 440 4332 iam
458 4278 528 4332 vidit
548 4279 659 4333 chner
677 4275 877 4332 Forrnelweacn
895 4292 922 4342 p·
935 4278 977 4327 60.

1161 4362 1192 4413 50
