3036 4844
650 283 871 344 ...30-

171 493 276 557 nequo
300 475 436 542 dubium
460 480 521 557 θεῖ,
546 473 624 556 quin
639 474 726 544 λώῑος
748 475 865 556 forma,
888 492 988 556 quam
1011 474 1207 542 testificatur
1221 475 1348 543 Αοθοο.

172 591 212 657 de
229 609 297 657 acc.
314 596 368 671 41,
394 589 456 657 etsi
479 589 642 673 positivus
663 593 723 671 θεῖ,
747 594 781 656 et
803 591 924 656 bonum
941 594 975 656 et
988 589 1158 657 moliorem
1174 589 1347 674 significet.

170 707 257 772 Nam
281 706 432 787 quamvis
456 706 498 773 G.
522 707 657 790 Meyero
682 704 831 790 (Griech.
857 705 1043 772 Grammat.
1067 725 1099 788 p.
1124 707 1204 790 367)
1232 724 1348 773 θοοθθ-

170 821 312 887 dondum
336 821 381 888 sit
402 821 436 887 in
451 820 543 889 vocis
565 821 656 889 illius
680 820 840 905 originem
863 820 1008 887 nondum
1031 821 1113 887 satis
1135 825 1224 888 certe
1239 820 1347 902 inqui·

172 936 271 1003 situm
288 956 371 1019 esse,
392 942 503 1003 tamen
519 937 553 1004 in
569 935 667 1026 huius
682 936 816 1020 positivi
836 937 943 1004 forma
959 936 1221 1020 comparativam
1237 937 1347 1004 inesse

170 1051 237 1118 vim
261 1070 326 1118 non
349 1051 456 1118 minus
480 1056 606 1118 certum
631 1058 682 1119 est
701 1070 801 1133 quam
822 1051 856 1117 in
871 1051 986 1119 formis
1001 1051 1095 1138 χέρηϊ,
1110 1051 1214 1139 χέρηα,
1229 1052 1347 1138 χέρηες,

169 1168 278 1254 χέρηα,
311 1185 394 1249 quas
422 1186 495 1234 esse
523 1185 620 1234 casus
648 1166 782 1250 positivi
810 1166 950 1234 obsoleti
983 1168 1074 1254 χέρηε
1103 1167 1209 1234 facile
1237 1167 1346 1251 suspi-

171 1282 278 1349 cerisl
312 1283 388 1346 λώῖα
403 1281 504 1366 igitur
521 1288 572 1349 est
594 1282 816 1349 nominativus
839 1283 978 1365 pluralis
1001 1283 1110 1349 neutri
1132 1282 1263 1366 generis
1288 1284 1347 1352 ad-

170 1397 281 1466 iectivi
308 1398 405 1474 λώῐος,
439 1417 504 1464 non
538 1397 646 1465 forma
679 1417 739 1480 per
774 1417 954 1482 syncopam
990 1418 1032 1466 ex
1059 1399 1165 1461 λωῖονα
1189 1404 1273 1481 orta,
1309 1406 1350 1467 ut

169 1515 307 1581 Passow
323 1512 357 1580 in
373 1513 486 1595 quinta
508 1513 607 1583 lexici
625 1514 767 1581 editione
786 1533 860 1581 eam
880 1516 954 1581 vult
969 1513 1084 1597 accipi,
1108 1514 1211 1580 habet
1233 1519 1348 1582 autem

171 1629 387 1712 comparativi
414 1629 493 1695 vim.
539 1629 636 1714 Quod
669 1629 718 1696 ita
747 1649 785 1697 se
818 1631 941 1697 hahere
977 1649 1052 1696 oum
1086 1630 1256 1714 ignoraret
1290 1631 1346 1713 qui

170 1764 288 1812 versus
303 1743 418 1811 iterari
433 1744 548 1827 voluit,
572 1765 632 1828 pro
649 1745 786 1812 arbitrio
811 1745 899 1827 quod
918 1765 984 1813 non
1005 1751 1141 1828 ceperat
1160 1745 1345 1814 correxisse

170 1869 370 1944 poetamque
399 1859 635 1944 elegantiorem
663 1859 848 1927 reddidisse
875 1859 939 1927 sibi
966 1861 1059 1928 visus
1088 1865 1140 1928 est
1170 1861 1345 1929 scribendo

169 1977 254 2039 λώϊον
269 1975 338 2061 ἤδη,
362 1994 425 2058 quo
441 1976 565 2042 lactum
583 1980 643 2058 θεῖ,
667 1981 705 2042 ut
724 1981 824 2059 pocta
838 1995 903 2043 non
919 1976 1016 2059 modo
1039 1975 1172 2059 proprio
1190 1975 1345 2044 adiectivi

169 2092 256 2162 lotor
282 2110 345 2159 usu
372 2090 574 2174 privaretur,
603 2092 663 2158 sed
694 2092 794 2159 etiam
821 2093 926 2159 verba
952 2091 988 2176 δὴ
1016 2097 1063 2154 νῦν
1091 2093 1240 2158 consulto
1268 2111 1345 2159 con-

168 2208 271 2275 trarie
306 2207 364 2289 eis,
400 2226 486 2290 quae
521 2212 782 2291 antecesserant,
817 2207 864 2270 καὶ
898 2207 1020 2295 πρόσθεν
1055 2209 1163 2275 relata
1196 2207 1344 2276 irmditus

170 2324 369 2390 delerentur.
408 2323 482 2387 Has
498 2320 680 2404 particulas
703 2312 804 2408 οηνῖνν
821 2321 990 2405 oppositas
1013 2323 1198 2405 particulae
1221 2323 1345 2410 πρόσθεν

169 2438 255 2505 infra
282 2455 412 2518 quoque
439 2435 473 2502 in
500 2457 531 2504 v.
563 2441 791 2504 1095—1096
819 2438 1012 2521 reperimus.
1060 2439 1138 2505 Noli
1167 2439 1263 2506 sodes
1290 2459 1345 2506 mo

169 2554 368 2636 vituperare,
393 2553 479 2636 quod
504 2551 640 2637 Tyrtaei
664 2554 788 2636 locum,
818 2572 881 2637 quo
909 2553 989 2620 item
1017 2552 1096 2620 rara
1125 2554 1345 2637 comparativi

170 2670 276 2736 forma
300 2668 479 2736 alibrariis
504 2669 643 2752 expulsa
667 2675 727 2752 θεῖ,
752 2669 865 2736 affero.
907 2669 947 2736 In
970 2669 1106 2753 Tyrtaei
1129 2670 1189 2752 frg.
1217 2676 1257 2736 12
1273 2691 1305 2737 v.
1324 2675 1343 2734 6

432 2803 566 2888 πλουτοίη
589 2801 621 2866 δὲ
644 2801 746 2866 Μίδεω
769 2802 816 2866 καὶ
839 2801 967 2891 Κινὺρεο)
992 2803 1092 2886 μάλιον

169 2957 228 3018 pro
254 2937 473 3020 compprativi
496 2935 603 3004 torma
626 2937 728 3020 μάλνον
752 2938 794 3003 ab
817 2936 985 3020 Hesychio
1011 2942 1045 3003 θῖ
1067 2936 1230 3005 Ohoerob.
1248 2937 1344 3006 Orth.

85 3043 86 3047 ’
168 3072 200 3135 p.
218 3058 282 3118 248
307 3053 501 3121 confirmata
524 3053 630 3120 codex
651 3054 678 3116 A
703 3052 824 3135 μᾶλλον,
848 3051 872 3114 Β
893 3052 979 3115 πλέον
1004 3053 1146 3119 exhibet.
1192 3053 1345 3121 Eandem

170 3174 281 3235 autem
310 3167 527 3252 comparativi
551 3169 691 3234 formam
715 3166 898 3250 Theognidi
931 3187 1009 3233 num
1041 3172 1131 3235 recte
1159 3169 1346 3237 restituerit

168 3286 207 3350 R.
224 3284 458 3367 Peppmueller
480 3304 512 3367 p.
537 3289 557 3349 3
581 3283 865 3350 Exercitationum
890 3282 1080 3351 criticorum
1104 3285 1233 3371 (Progr.
1250 3305 1344 3370 gym-

168 3399 253 3467 nasii
278 3400 470 3468 Seehauson
492 3399 513 3466 i.
530 3400 635 3466 Altm.
654 3400 753 3485 1887)
776 3399 876 3466 valde
900 3399 1023 3466 dubito.
1058 3401 1099 3466 In
1113 3421 1146 3467 v.
1166 3406 1344 3469 173--174

383 3532 460 3620 ἄνδρ’
486 3532 592 3616 crutide
615 3533 694 3616 πενίη
718 3538 830 3596 πάντων
853 3533 982 3617 δάμνηον
1006 3532 1131 3616 μάλιστα

381 3647 430 3710 ποί
452 3653 549 3735 ηηροος
571 3646 677 3725 πολιοῦ,
700 3646 803 3735 Κύρνε,
826 3647 873 3709 καί
895 3647 1017 3732 ἠπιάλου

170 3783 280 3849 omnia
313 3786 403 3848 recte
430 3800 466 3848 se
494 3782 629 3864 habent,
658 3800 763 3862 neque
791 3800 866 3848 cum
893 3780 1122 3849 Heimsoethio
1157 3800 1218 3865 pro
1247 3784 1345 3847 πολιοῦ

169 3899 263 3961 πλεῖον
286 3916 392 3980 neque
416 3916 491 3964 cum
513 3896 767 3980 Peppmuellero
792 3896 892 3979 μᾶλον
915 3897 1015 3963 scribi
1039 3915 1122 3979 opus
1146 3903 1205 3964 est.

170 4075 245 4127 ganz
257 4057 483 4125 unbegreiflich
497 4057 549 4110 sed
561 4057 593 4109 in
608 4056 796 4110 adnotatione
807 4056 916 4110 indicis
928 4055 1089 4109 verborum
1100 4072 1130 4123 p.
1144 4059 1196 4110 306
1216 4059 1343 4112 addidit:

169 4149 229 4201 Dor
247 4147 363 4201 Positiv
381 4144 440 4218 λρῖα
459 4147 537 4200 steht
554 4146 603 4198 bei
616 4146 766 4212 Theognis
779 4148 813 4197 96
832 4145 972 4199 wirklich
992 4160 1085 4213 coque
1102 4145 1248 4200 iudicium
1266 4148 1345 4200 illud

170 4236 393 4304 gravissimum,
428 4236 508 4303 quod
540 4235 577 4288 do
609 4233 707 4287 vorbis
740 4231 807 4284 πολύ
839 4234 906 4286 λώϊον
940 4234 1061 4298 tulerat,
1089 4233 1155 4301 ipse
1185 4236 1343 4289 sustulisse

169 4325 296 4379 videtur.

242 4422 252 4460 1
273 4423 309 4475 ct.
328 4420 449 4476 Lobeck
461 4420 578 4474 Pathol.
591 4420 637 4474 El.
650 4421 674 4484 Ι,
688 4421 739 4472 377
760 4424 788 4473 θῖ
805 4421 970 4488 Bergkium
988 4421 1025 4474 ad
1044 4437 1072 4474 v.
1086 4422 1147 4474 853.
