3036 4844
709 250 923 309 ..16-

237 440 295 504 dos
308 446 341 504 et
353 438 598 521 coniungendos
611 460 693 503 esse.
717 437 921 503 Sententiam
934 444 1043 502 antem
1064 437 1149 501 hauc
1166 459 1249 502 esse:
1265 437 1313 502 Ne
1326 441 1409 505 outi-

235 572 306 614 cuu
327 552 436 614 reicias
456 550 565 614 vilibus
583 550 620 614 de
635 552 744 630 euersis,
767 570 842 613 uuus
863 551 890 613 si
911 550 1084 612 amicorum
1102 551 1176 612 uitio
1194 551 1299 613 omuio
1319 571 1409 634 oeque

231 662 403 744 ferremus,
436 664 560 726 omniuo
593 682 654 725 uou
690 663 901 725 iuoeuireutur
933 661 1027 723 orrici
1056 662 1092 722 iu
1122 681 1230 744 peuere
1261 660 1406 726 buuuuo.

235 772 426 837 Hominibus
454 775 536 836 euius
565 774 640 836 uitio
669 773 764 835 insitu
789 779 861 834 suut
889 792 925 835 oe
953 791 1070 854 semper
1094 771 1253 835 bouiuuu
1275 775 1408 855 proprio

204 904 209 912 ·
235 883 410 947 muuebuut.
449 883 495 947 Di
512 890 614 947 autem
639 885 698 966 ipsi
720 884 829 946 uoluut
846 885 963 965 puuire
981 881 1091 946 delicto
1111 882 1271 945 bouiuuu
1291 886 1406 947 omuio.

237 994 362 1059 Etenim
384 998 420 1076 si,
455 997 563 1078 quue,
586 993 714 1078 Jupiter
735 994 915 1058 mortalibus
931 1001 1059 1077 propter
1087 993 1193 1056 oruuio
1214 993 1324 1058 delicto
1344 996 1408 1058 iru-

232 1113 364 1169 sceretur
386 1142 428 1152 —
450 1108 554 1169 omuiu
576 1113 679 1169 nutem
697 1108 788 1188 uouit,
810 1085 939 1169 consiliu
957 1112 984 1168 et
995 1106 1084 1188 fecto
1106 1141 1148 1151 -
1171 1104 1407 1188 quotusquisque

233 1216 393 1280 bominum
413 1217 516 1280 solvus
541 1223 612 1280 esset
641 1236 782 1298 opoeuo
810 1216 939 1280 diviua?
971 1215 1068 1298 Quod
1099 1217 1126 1279 si
1155 1222 1244 1281 reete
1273 1216 1406 1294 conieci,

236 1348 301 1391 non
326 1327 468 1409 amplius
491 1329 591 1390 unum'
615 1326 779 1390 distichon
802 1327 1009 1392 intercidisse
1031 1328 1163 1393 videtur
1183 1328 1270 1392 inter
1290 1349 1318 1391 v.
1342 1331 1406 1390 328

234 1443 266 1502 et
288 1440 361 1518 897,
394 1439 487 1500 cuius
518 1437 618 1501 verba
645 1443 790 1502 extrema
818 1439 959 1520 exempli
981 1439 1089 1520 gratia
1111 1439 1159 1502 ita
1181 1437 1349 1502 conformo
1372 1444 1407 1503 et

232 1569 305 1612 cnm
329 1549 579 1631 insequentibus
603 1549 781 1630 coniunge:

785 1660 836 1723 uui
858 1658 919 1742 γάρ
941 1658 1022 1739 ἅναξ
1042 1659 1200 1745 Κρονίδης,

331 1769 436 1852 Κύρν’,
459 1774 487 1835 sl
509 1769 600 1834 πάντ’
623 1768 764 1853 ἄνδρεσσι
785 1775 991 1856 καταθνητοῖς
1012 1771 1198 1849 χαλέπαινεν
1218 1767 1283 1831 κτλ.

317 1881 395 1946 Jam
419 1890 567 1966 apparet,
589 1884 715 1965 opinor,
744 1883 870 1965 quade
896 1902 996 1946 causa
1017 1881 1214 1945 sententiam
1235 1899 1340 1943 meam
1363 1878 1404 1941 de

231 1994 345 2075 elegiis
364 1997 513 2058 323-28
529 2000 563 2058 et
577 1998 748 2058 897-900
763 1994 968 2076 protulerim.
998 1992 1087 2056 Nam
1108 1991 1263 2074 quoniam
1281 1997 1403 2053 utram·

232 2126 294 2186 que
317 2104 465 2185 elegiam,
496 2126 570 2168 cum
598 2105 728 2168 nomine
751 2103 854 2186 Cyrni
876 2109 990 2167 notata
1009 2102 1062 2182 sit,
1091 2102 1125 2165 in
1149 2122 1320 2164 numerum
1350 2122 1404 2183 ge·

231 2194 405 2277 nuinarum
445 2214 567 2278 reterre
607 2213 747 2293 licebat,
786 2212 925 2277 fortasse
963 2232 1241 2294 supervacaneum
1282 2211 1406 2294 legenti

230 2325 335 2387 visum
369 2330 419 2387 est
449 2325 579 2405 copiose
616 2323 657 2387 de
690 2344 773 2387 nexu
807 2324 979 2406 utriusque
1012 2323 1192 2406 disputare.
1247 2323 1296 2387 At
1329 2343 1404 2387 cum

230 2454 259 2494 v.
282 2438 344 2496 897
369 2433 568 2516 depravatus
590 2434 643 2514 sit,
666 2440 777 2516 potest
801 2456 873 2498 eum
897 2436 967 2515 quis
988 2435 1035 2498 ita
1051 2434 1226 2498 restituere
1248 2433 1343 2513 velle,
1366 2441 1404 2496 ut

230 2565 347 2607 nomen
378 2542 479 2628 Cyrni
513 2545 619 2610 eiciat.
676 2543 752 2609 Hoc
783 2544 856 2609 fieri
884 2567 979 2629 posse
1008 2544 1119 2626 Bergk
1150 2546 1297 2626 respexit
1329 2566 1402 2609 cum

228 2655 405 2719 scriberet:
437 2655 553 2734 Quodsi
575 2658 684 2719 statuis
707 2655 808 2740 Κύρνε
840 2663 947 2720 temere
968 2679 1005 2720 er
1026 2677 1114 2720 uersu
1134 2659 1277 2739 prouiuo
1301 2659 1404 2739 priore

231 2768 401 2849 repetitum,
423 2768 468 2830 ito
487 2769 545 2831 erit
558 2788 661 2832 uersus
680 2765 876 2851 refiuqeudus
892 2767 972 2845 Ζεδς
991 2767 1019 2832 εἰ
1041 2765 1133 2831 πάντ’
1156 2763 1298 2850 ἄνδρεσσι
1311 2789 1402 2830 κατα·

228 2881 357 2962 θνητοῖς
378 2879 565 2957 patiuntur
589 2889 648 2945 etc.
689 2878 786 2943 Nune
807 2885 918 2944 eutem
937 2880 1100 2962 explicato
1122 2877 1227 2961 qualis
1242 2875 1401 2957 pristinus
1492 2929 1496 2933 .

228 2989 407 3072 elegiarum
436 2989 537 3055 fuisse
565 2991 715 3056 videatur
738 2997 861 3072 status,
891 2991 1053 3055 neminem
1076 2989 1143 3053 iam
1164 3007 1259 3071 spero
1281 3005 1399 3049 nomen

228 3099 331 3183 Cyrni
355 3124 384 3165 v.
407 3107 468 3166 897
491 3103 525 3166 in
548 3103 685 3167 dubium
706 3107 897 3167 vocaturum
920 3123 1000 3167 esse.

313 3211 375 3278 Vv.
411 3216 559 3276 341-50
594 3214 623 3276 si
656 3234 730 3277 cum
764 3217 912 3277 337-40
947 3218 1038 3278 arcte
1075 3211 1317 3291 coniungimus,
1364 3212 1402 3270 ut

226 3342 327 3384 unum
349 3343 481 3386 carmen
504 3323 640 3403 oriatur,
671 3323 844 3405 praeclara
872 3325 988 3406 opinor
1010 3323 1116 3406 elegia
1138 3322 1280 3386 efficitur
1301 3324 1401 3400 poeta

209 3414 414 3512 ¹Megarensi
448 3433 559 3515 digna.
614 3433 821 3498 Sententiam
857 3434 1040 3516 prolatam,
1075 3440 1113 3499 ut
1144 3432 1313 3518 proprium
1350 3433 1401 3493 est

226 3540 324 3605 huius
346 3546 474 3625 poetae,
497 3543 711 3625 amplioribus
733 3544 842 3609 verbis
864 3544 964 3609 iterat
978 3551 1089 3628 atque,
1112 3551 1149 3609 ut
1167 3545 1246 3608 mihi
1268 3540 1398 3626 quidem

226 3649 371 3732 videtur,
400 3651 461 3717 hac
489 3655 721 3720 coniunctione
748 3655 797 3718 vis
826 3655 1063 3737 indignationis
1094 3660 1127 3720 et
1156 3654 1304 3719 libidinis
1335 3673 1400 3734 qua

226 3760 363 3827 iniurias
385 3763 590 3828 inimicorum
614 3766 730 3830 ulcisci
756 3765 836 3847 vult,
859 3766 1068 3830 vehementer
1097 3764 1218 3827 crescit
1246 3767 1280 3827 et
1301 3783 1398 3844 auge·

226 3876 291 3937 tur.
336 3871 389 3938 Ne
414 3897 512 3957 quem
536 3876 682 3942 offendat
702 3876 791 3961 quod
815 3896 887 3939 cum
909 3875 1044 3959 Jupiter
1065 3894 1094 3937 ν.
1119 3877 1180 3936 337
1204 3874 1305 3938 tertie
1326 3894 1397 3954 per-

225 4002 304 4046 sona
327 3982 437 4064 fuerit,
467 3985 527 4048 341
551 3987 656 4051 altera
682 3986 884 4071 appellatur:
916 3986 966 4048 ita
993 3984 1111 4049 leniter
1133 3982 1309 4047 deflectere
1331 4004 1398 4047 non

224 4092 328 4176 magis
346 4113 366 4156 a
381 4101 483 4177 poeta
498 4096 641 4160 alienum
657 4104 715 4178 est,
740 4117 837 4180 quarn
854 4094 941 4177 quod
956 4116 984 4156 v.
995 4093 1110 4176 349l50
1124 4093 1262 4174 scriptor
1278 4092 1399 4156 oblitus

224 4223 295 4267 esse
317 4202 447 4270 videtur
470 4227 504 4270 se
525 4228 554 4272 u.
576 4210 637 4270 341
662 4207 780 4271 Jovem
803 4204 992 4268 allocutum.
