3036 4844
338 1127 685 1251 Sententiae
721 1130 1165 1249 controversae.

674 1359 833 1366 —.-—.---—-

169 1625 319 1692 'Pheognis
338 1627 456 1678 79—80:

276 1731 399 1804 Πούροος
418 1728 546 1805 εὑρήσεις,
565 1728 734 1796 notoriam,
753 1729 860 1803 ἄνδρας
878 1727 1000 1801 ἑταίρους

274 1818 384 1881 moveor
403 1819 433 1873 ἐν
451 1820 585 1890 χαλεποῖς
602 1818 745 1892 πρήγμασι
763 1819 925 1889 γινομένους
945 1840 947 1845 ·

168 1927 224 1978 pro
243 1911 402 1980 γινομένους
421 1910 610 1963 scribendum
629 1907 781 1978 γινόμενος.

166 2223 289 2280 ‚Jbidem
308 2224 462 2276 eoo-970:

277 2331 369 2400 ἔφθην
387 2327 501 2395 clariore
519 2333 584 2403 πρίν
602 2344 650 2382 σεο
667 2327 739 2382 rato?
756 2327 848 2384 πάντα
867 2327 967 2396 δαῆναι

276 2419 360 2485 ἤθεα·
380 2417 431 2472 νῦν
450 2415 537 2484 o’tjoq
555 2417 623 2479 ναῦς
642 2415 690 2471 ἅδ’
707 2417 771 2479 inde
789 2419 878 2489 διέχιο
944 2432 945 2436 ’

174 2510 253 2577 quod
267 2508 454 2562 Studemund
472 2509 504 2562 in
523 2509 633 2562 scholis
652 2524 707 2576 pro
726 2508 777 2574 ἤδη
796 2510 1049 2566 commendavisse
1067 2510 1185 2574 dicitur,
1204 2508 1278 2574 ἥκῃς
1297 2510 1346 2579 (ct.
1410 2519 1412 2524 ’

172 2599 345 2652 Archilochi
364 2599 420 2665 srg.
440 2600 475 2650 42
494 2599 601 2666 Hiller)
620 2600 708 2652 unice
726 2615 831 2652 verum
850 2614 913 2652 ease
931 2600 1084 2653 contendo.

728 2803 789 2869 HI.

263 2931 299 2982 In
313 2929 444 2982 Ciceron.
458 2928 496 2981 ad
507 2927 597 2980 Attio.
610 2927 662 2993 lv,
675 2930 700 2992 ὃ,
713 2930 731 2980 2
749 2930 827 2981 recte
845 2926 935 2980 scribi
954 2931 1039 2994 puto:
1059 2927 1111 2980 sed
1124 2931 1222 2980 tamen
1234 2929 1345 2983 modici

175 3019 286 3071 fuimus
304 3014 497 3071 ἀποθεώσει
516 3032 570 3084 pro
590 3013 758 3074 ὑποθέσει.
795 3023 824 3067 M
842 3015 930 3069 habet
948 3018 1103 3068 ΛΠοθΩΣΙ
1121 3016 1169 3084 (cf.
1189 3016 1349 3073 editionem

175 3109 337 3162 Romanam
356 3107 544 3175 principem).

734 3258 793 3325 [V.

176 3386 213 3438 In
232 3385 323 3440 Ovidi
342 3400 387 3451 ep.
406 3383 524 3437 Paridis
542 3399 570 3437 v.
589 3384 744 3438 291-292:

283 3493 344 3546 Vix
363 3491 437 3557 fleri,
456 3492 483 3544 si
501 3494 571 3545 sunt
589 3492 667 3546 viree
683 3492 718 3543 -in
737 3491 850 3545 semine
867 3506 992 3557 morum,

283 3583 322 3635 Et
340 3581 425 3634 Jovis
444 3585 473 3634 et
491 3581 588 3634 Ledae
606 3581 678 3646 fllia,
698 3584 777 3634 casta
794 3585 887 3647 poteo,

177 3672 289 3726 semine
301 3672 476 3736 corruptum
488 3673 532 3724 est
544 3671 819 3738 restituendumque
836 3668 962 3723 semina.
981 3685 1116 3724 amorum
1134 3668 1213 3735 libri,
1232 3685 1351 3723 morum

176 3763 298 3816 Merkel.

744 3913 784 3980 V.

179 4021 215 4073 In
234 4021 325 4077 Ovidi
343 4036 367 4074 e.
386 4020 419 4072 P.
438 4019 490 4088 Iv,
509 4022 534 4085 9,
553 4022 601 4073 25:

287 4129 414 4194 Quoque
431 4129 527 4196 magis
546 4127 628 4181 noris
647 4143 737 4195 quam
755 4143 803 4180 me
821 4128 991 4195 vulgaria
1009 4131 1173 4196 tangant,

286 4218 456 4284 spectarem,
476 4218 573 4285 qualis
591 4221 774 4284 purpurato
792 4219 904 4284 tegeret

180 4308 317 4375 vulgaria
334 4309 460 4370 tangant
478 4307 597 4360 defendi
615 4321 703 4374 posse
725 4321 801 4374 nego
824 4306 1073 4375 scribendumque
1095 4319 1244 4373 propono:

288 4395 414 4461 Quoque
431 4388 527 4463 magis
545 4396 626 4449 noris
646 4411 736 4464 quam
753 4412 801 4449 me
818 4394 871 4450 tna
890 4395 991 4462 gloria
1009 4399 1120 4465 tangat,

287 4485 459 4552 spectarem,
478 4487 575 4554 qualis
594 4501 730 4554 purpura
748 4490 778 4541 te
795 4489 914 4556 tegeret.
