3036 4844
651 239 869 299 -22-

169 430 306 496 tametri
321 430 411 496 enitu
427 449 486 513 pro
511 429 700 512 imperativi
719 429 826 496 forma
845 429 930 499 δίδως
945 429 1132 496 substitutis
1148 427 1343 495 sententiam

108 554 112 561 ’
170 563 293 611 novam
316 563 453 627 eamque
477 545 567 611 haud
589 544 638 610 ita
661 544 867 610 commodam
891 543 1038 626 fingeret.
1087 543 1220 612 Stobaei
1243 543 1345 628 igitur

172 660 319 728 recensio
354 679 429 727 cum
463 663 535 727 loeo
570 660 690 727 sinceri
723 660 817 727 testis
852 660 968 727 haberi
1002 680 1067 727 non
1101 659 1219 742 possit,
1255 664 1343 726 reete

168 775 307 844 fecimus
331 776 419 858 quod
442 776 652 843 diiudicaturi
676 780 752 843 utra
774 777 808 842 in
832 775 1051 860 Theognideis
1079 780 1214 843 servata
1237 767 1343 842 forma

167 891 302 959 distichi
325 891 468 976 genuina
492 890 699 959 aestimanda
722 892 775 974 sit,
801 894 950 976 eclogam
975 891 1170 959 Stobensem
1198 891 1343 975 neglexi-

171 1026 255 1074 mus.
302 1008 394 1075 Idem
418 1008 584 1092 Bergkius
614 1008 648 1074 in
672 1012 793 1090 quarta
814 1007 994 1075 Poetarum
1016 1007 1213 1091 Lyricorum
1237 1007 1344 1075 Grae·

169 1141 247 1190 1111
271 1124 412 1191 editione
435 1124 522 1206 fecit,
547 1123 602 1206 qui
625 1124 659 1189 in
682 1123 781 1189 tertia
805 1123 848 1189 ad
871 1123 1046 1206 genuniam
1069 1127 1187 1206 poetae
1214 1127 1344 1189 senten-

169 1238 252 1304 tiam
288 1239 525 1305 restituendam
564 1238 647 1308 δίδως
685 1257 727 1304 ex
761 1237 904 1306 Stebaeo
944 1238 1135 1320 depromere
1173 1257 1237 1305 non
1272 1243 1346 1304 erat

169 1353 306 1421 veritus.
352 1353 556 1421 Pentametri
579 1358 691 1419 autem
715 1353 840 1419 exitum
856 1353 966 1435 priore
981 1355 1053 1420 loco
1069 1358 1158 1420 recte
1174 1359 1345 1420 servatum

170 1487 243 1535 esse
270 1486 345 1535 cum
373 1468 430 1535 1111
465 1469 528 1535 loci
551 1465 596 1554 (1.
624 1474 697 1534 150.
724 1473 796 1535 164.
822 1470 900 1554 310)
924 1473 1117 1552 argumento
1152 1473 1238 1550 sunt,
1273 1474 1345 1535 tum

170 1605 202 1651 1.
228 1589 306 1650 635;

353 1691 468 1777 ἀνδράσι
492 1701 548 1762 τοῖς
571 1694 687 1776 ἀγαθοῖς
711 1693 805 1754 ἕπεται
829 1694 961 1775 prorupta
983 1691 1030 1753 καὶ
1053 1691 1148 1761 αἰδώς.

170 1825 368 1907 Priusquam
392 1826 479 1892 hunc
501 1829 611 1893 locum
635 1826 747 1892 multis
771 1826 966 1892 coniecturis
990 1829 1152 1891 tentatum
1179 1824 1344 1906 relinqua·

170 1961 254 2023 mus,
278 1946 384 2008 restat
406 1947 444 2008 11
466 1942 548 2009 illud
571 1941 716 2009 refutare
740 1959 905 2022 conemur,
930 1941 1017 2022 quod
1044 1941 1078 2006 in
1101 1941 1146 2006 Μ.
1172 1939 1342 2007 Schmidtii

170 2058 268 2143 (Mus.
293 2058 397 2124 Rhen.
421 2058 507 2123 Nor.
531 2057 648 2124 XXVI
676 2078 707 2139 p.
735 2056 812 2143 191)
840 2065 873 2123 11
895 2056 1038 2124 Useneri
1067 2056 1113 2140 (in
1136 2055 1343 2122 Fleckeiseni

170 2174 280 2239 annal.
304 2172 384 2254 phil.
412 2177 495 2239 1878
519 2193 551 2254 p.
577 2173 631 2256 70)
657 2172 868 2239 offensionem
892 2172 1018 2239 cecidit.
1078 2171 1125 2237 Hi
1160 2172 1246 2238 enim
1280 2171 1342 2238 viri

170 2288 258 2354 docti
280 2306 355 2353 cum
379 2287 441 2353 sibi
465 2288 709 2371 persuasissent
731 2288 803 2354 fieri
826 2307 890 2354 non
913 2307 1011 2370 posse
1034 2288 1128 2355 utin
1144 2288 1284 2354 disticho
1302 2287 1343 2353 ad

169 2402 317 2488 Cyrnum
341 2403 584 2469 adulescentem
608 2401 686 2469 dato
709 2404 941 2486 pervulgatum
966 2407 1177 2485 praeceptum
1213 2403 1343 2484 inesset,

169 2538 234 2601 quo
259 2519 337 2601 quid
362 2519 475 2586 liberis
490 2518 687 2585 tradendum
704 2523 792 2585 esset
808 2519 1049 2600 decantaretur,
1074 2519 1164 2582 coreb
1181 2519 1343 2586 demedio

168 2636 302 2703 sublato
340 2635 426 2702 11111
456 2635 546 2701 aliud
568 2639 820 2725 proposuerunt.
866 2634 1001 2701 Iniuria.
1048 2635 1158 2719 Quam
1181 2634 1345 2719 Theognis

170 2771 251 2834 puer
279 2753 322 2818 ab
358 2750 572 2833 optimatibus
608 2749 737 2834 aceepit
759 2751 952 2832 doctrinam,
989 2769 1062 2818 eam
1086 2750 1196 2836 Cyrno
1231 2751 1342 2818 tradit.

167 2869 245 2935 Non
266 2868 364 2935 modo
387 2868 553 2951 pietatem,
578 2853 805 2949 constantiam,
835 2867 1037 2951 dignitatem,
1073 2866 1342 2948 moderationem,

170 2984 380 3066 gravitatem,
416 3002 528 3049 omnes
564 2982 703 3063 denique
729 2982 868 3049 virtutes
893 2983 1122 3049 commendare
1156 2982 1250 3063 solet,
1286 2983 1343 3049 sed

168 3099 290 3166 iterum
314 3105 413 3181 atque
436 3099 557 3165 iterum
580 3099 621 3165 de
655 3099 814 3165 uxoribus
848 3118 913 3165 non
948 3095 1120 3180 divitibus,
1156 3097 1214 3164 sed
1249 3095 1343 3163 bonis

171 3220 270 3296 atque
293 3214 458 3282 nobilibus
482 3213 639 3282 ducendis
663 3214 759 3280 etde
783 3213 896 3281 liberis
920 3213 1060 3280 fortibus
1084 3232 1125 3279 11
1148 3213 1242 3279 bonis
1266 3232 1342 3295 pro·

170 3331 320 3398 creandis
344 3335 464 3396 monet.
521 3331 587 3396 1111
610 3329 757 3396 virorum
792 3330 964 3396 doctorum
998 3328 1161 3396 sententia
1196 3329 1225 3395 si
1262 3347 1345 3395 vera

169 3452 266 3528 11111,
301 3447 422 3512 multos
458 3463 537 3513 sane
560 3464 677 3512 versus
713 3463 834 3527 eosque
862 3445 1004 3527 optimos
1029 3463 1050 3511 a
1072 3444 1261 3527 Theognide
1285 3446 1343 3511 ab·

169 3562 316 3629 iudicare
329 3580 530 3645 cogeremur.
565 3562 615 3628 Ut
629 3561 763 3628 tandem
779 3559 955 3642 aliquando
971 3565 1076 3628 totam
1089 3559 1345 3643 disputationem

171 3679 416 3758 concludamus,
441 3696 471 3743 1.
489 3682 555 3743 409
580 3682 614 3743 et
628 3681 694 3741 410
718 3674 901 3759 Theognidi
924 3675 989 3757 ipsi
1011 3675 1246 3744 adscribendos
1270 3694 1344 3743 1111

164 3815 296 3863 111111.

258 3913 385 3976 Versus
408 3915 585 3977 415-418
608 3909 643 3975 in
665 3908 699 3974 Α
719 3915 752 3974 11
775 3907 804 3976 Ο
828 3907 876 3974 111
898 3910 1065 3990 leguntur:

383 4032 486 4098 Οὐδέν’
511 4036 601 4118 ὁμοῖον
626 4033 688 4116 ἐμοὶ
710 4034 830 4118 δύναμαι
852 4033 1007 4118 διζήμενος
1031 4031 1120 4118 εὑρεῖν

382 4143 476 4205 πιστὸν
501 4141 619 4227 ἑταῖρον,
643 4142 699 4226 ὅτῳ
724 4145 809 4225 μήτις
831 4139 920 4201 ἔνεστι
943 4137 1035 4207 δολος.

384 4241 415 4319 ἐς
439 4248 561 4332 βάσανον
584 4239 710 4310 abab
735 4244 940 4332 παρατρίβομαι
964 4243 1039 4308 ὥστε
1064 4245 1200 4332 μολύβδῳ

383 4358 497 4440 χρυσός,
522 4353 686 4439 ὑπερτερὶης
708 4351 823 4434 δ’ἅμμιν
848 4352 936 4415 ἔνεστ’.
959 4351 1052 4435 λόγος,
