3036 4844
666 305 865 364 ,6.-

257 493 302 562 ΙΙ.
340 496 458 566 Tainia
484 513 630 566 ramnum
658 495 739 565 intre
766 495 874 564 tibrum
903 495 924 579 β
951 495 1150 584 repetitarum
1177 496 1205 564 in
1233 497 1267 565 Α.

179 614 1355 736 W

454 1321 560 1374 calami
582 1320 676 1374 errori
696 1335 732 1373 us
756 1317 875 1386 exiguis
893 1317 992 1370 vitiati

180 1413 331 1465 nal-1102
634 1424 695 1462 non
712 1408 819 1462 variati

179 1502 350 1581 nor-noa
509 1497 512 1569 ι
562 1500 631 1553 noe
678 1497 682 1570 ι
847 1496 851 1569 ι
937 1497 940 1568 1

180 1590 332 1643 ner-1152
479 1588 564 1642 nunc
583 1588 749 1663 scripturae
768 1577 969 1657 discrepantia
1195 1587 1263 1663 naas
1277 1584 1329 1626 .-a

193 1670 314 1732 sea-eea
443 1664 447 1671 '
556 1668 559 1673 '
676 1674 682 1855 Ι
872 1662 877 1669 ’
935 1674 940 1854 l
1122 1676 1174 1729 aaa
1195 1656 1348 1728 lecelinae

195 1768 315 1820 eol-eoa
1115 1767 1174 1818 eon
1195 1763 1347 1835 raanan
1393 1823 1397 1830 ,

205 1980 207 1985 A
266 1902 329 1969 His
353 1904 482 1971 duabus
509 1903 632 1972 tabuiis
666 1903 843 1986 propositis
879 1903 1068 1985 disputandi
1102 1901 1243 1968 materia
1276 1919 1351 1968 cum

177 2018 335 2102 bipartita
357 2019 525 2101 rideatur,
561 2019 788 2102 quaestionem
822 2019 872 2085 ita
898 2019 1134 2086 instituendam
1163 2037 1235 2084 esse
1260 2022 1350 2099 puto,

177 2140 215 2201 ut
238 2135 379 2216 primum
404 2135 547 2202 disticha
569 2135 657 2201 intra
684 2134 806 2200 librum
830 2133 852 2196 α’
880 2133 1015 2215 iterata,
1052 2134 1168 2201 deinde
1203 2150 1243 2199 ea
1266 2150 1351 2214 quae

177 2251 265 2316 intra
288 2250 408 2316 librum
435 2249 455 2332 β
484 2256 686 2331 repetuntur,
710 2250 744 2316 in
768 2249 1040 2332 disceptationem
1063 2268 1194 2330 vocem,
1223 2267 1353 2330 semper

179 2365 247 2430 fere
282 2383 321 2430 eo
356 2384 436 2431 usus
472 2365 600 2447 ordine,
637 2385 701 2447 quo
735 2385 853 2432 versus
887 2366 921 2431 in
956 2366 1049 2432 libris
1085 2384 1185 2431 manu
1220 2364 1351 2447 scriptis

178 2482 340 2562 leguntur.

266 2577 400 2662 Initium
428 2595 530 2680 igitur
557 2595 717 2662 faciamus
752 2613 774 2661 a
805 2596 933 2663 duobus
969 2596 1117 2662 distichis
1151 2617 1182 2662 r.
1208 2601 1349 2676 39-42,

177 2711 318 2792 quaein
342 2711 509 2778 codicibus
533 2711 567 2778 Δ
583 2712 660 2779 etO
685 2710 771 2778 infra
793 2718 869 2795 post
891 2731 1023 2779 versum
1049 2716 1135 2778 1080
1158 2715 1349 2794 repetuntur

177 2828 297 2909 partim
314 2833 443 2894 tentum
459 2828 644 2911 immutata,
668 2834 706 2895 ut
722 2829 762 2895 de
778 2829 928 2896 lectionis
952 2828 1175 2911 discrepantia
1197 2827 1350 2915 diiiiciili·

177 2962 266 3009 mum
290 2943 334 3010 sit
356 2944 523 3010 iudicium.
570 2944 685 3011 Priore
708 2944 781 3012 loco
804 2945 839 3011 hi
862 2964 978 3012 versus
1002 2944 1050 3010 sic
1073 2944 1282 3010 exhibentur:

1147 3071 1158 3090 ,V

328 3074 370 3134 39
394 3068 498 3155 Κύρνε,
521 3068 580 3131 κύει
603 3070 683 3139 πτολις
705 3069 768 3153 ἥδε,
791 3069 901 3132 δέδοικα
928 3069 959 3132 δὲ
983 3069 1023 3153 μὴ
1046 3069 1116 3151 τέκῃ
1141 3068 1229 3155 ανδρα

436 3175 597 3261 εὐθαντῆρα
619 3183 712 3261 κακῆς
735 3173 829 3261 ὕβριος
851 3175 1003 3261 ἡμετέρης.

328 3287 369 3347 41
396 3281 474 3344 ἀσταὶ
497 3279 548 3364 μὲν
571 3283 624 3368 γὰρ
648 3279 688 3344 ἔθ’
714 3281 769 3343 αἵδε
793 3285 957 3368 σαόφρανες,
979 3282 1117 3366 ἡγεμόνες
1139 3280 1171 3344 δὲ

434 3393 606 3473 τετράφαται
629 3387 741 3472 πολλὴν
765 3388 795 3458 ἐς
818 3392 961 3473 κακότητα
983 3397 1085 3452 πεσεῖν.

266 3519 331 3602 Qui
359 3538 474 3586 versus
510 3520 587 3600 quid
623 3519 686 3586 sibi
712 3521 814 3587 velint
849 3521 877 3588 si
912 3541 1108 3606 cognoscere
1136 3519 1350 3600 voluerimus,

178 3634 307 3702 omnino
331 3654 396 3701 non
420 3634 636 3705 confundendi
660 3642 737 3702 sunt
760 3656 833 3703 cum
858 3638 932 3704 eliis
956 3657 997 3703 en
1020 3636 1220 3721 Theognidis
1243 3637 1350 3703 farra-

177 3750 251 3833 gine
274 3755 410 3834 propter
433 3749 680 3817 similitudinem
707 3752 872 3832 quandam
908 3753 1094 3836 argumenti
1128 3752 1254 3835 petitis
1291 3753 1349 3819 sed

177 3885 237 3947 per
259 3885 295 3932 se
319 3871 397 3933 sunt
419 3865 594 3931 tractandi.
651 3866 743 3933 Dicit
766 3874 876 3948 poeta:
912 3868 1036 3947 Timeo,
1062 3867 1180 3950 Cycne,
1205 3887 1245 3933 ne
1268 3869 1349 3935 urbs

177 3986 292 4047 nostra
314 3980 454 4065 gravida
469 3981 632 4047 hominem
649 3983 758 4048 malae
774 3988 907 4049 nostrae
924 3981 1099 4063 superbiae
1115 3983 1349 4067 castigatorem

177 4103 340 4178 procreet3
365 4097 453 4163 cives
478 4097 563 4163 enim
587 4097 692 4163 nostri
716 4097 823 4163 adhuc
843 4097 971 4163 ratione
988 4096 1162 4178 ducuntur,
1184 4089 1350 4181 principes

179 4219 288 4277 autem
302 4212 343 4278 ad
356 4212 543 4293 superbiam
561 4207 871 4294 improbitatemque
888 4210 1015 4294 delapsi
1032 4218 1118 4278 sunt.
1155 4215 1351 4299 Auguratur

177 4326 278 4411 igitur
294 4332 392 4407 poeta
408 4327 539 4410 tyranni
556 4327 695 4395 alicuius
713 4325 966 4393 dominationem
983 4327 1068 4409 inde,
1081 4332 1118 4395 ut
1131 4330 1202 4395 fieri
1213 4330 1349 4410 assolet,

179 4441 352 4521 orituram,
388 4441 474 4521 quod
503 4440 676 4523 optimates
700 4440 908 4522 superbiores
932 4461 968 4508 se
992 4443 1224 4524 praebuerant,
1248 4462 1350 4524 quam
