3036 4844
643 295 862 357 „32-

167 485 256 552 viros
292 485 405 552 doctos
441 503 540 566 quam
575 503 639 551 non
672 503 849 567 possumus
885 485 1048 552 dirimere.
1110 485 1201 551 Fieri
1233 490 1343 568 potest

171 639 210 648 —
234 601 268 669 id
292 601 378 682 quod
402 601 664 670 Studomundius
687 601 721 667 in
745 601 866 669 scholis
895 601 1047 669 docuisse
1070 600 1202 667 videtur
1223 638 1278 682 -,
1305 605 1344 667 ut

167 718 271 784 verba
288 716 312 778 ὡ
328 717 383 779 νέοι
400 717 424 779 οἱ
440 722 488 778 νῦν
505 716 608 803 ἄνδρες
623 715 753 783 initium
770 716 903 783 distichi
922 717 956 782 in
972 716 1123 783 codicum
1139 716 1343 799 Theognide·

169 852 263 900 orum
277 834 454 916 archetypo
471 832 564 898 foede
580 832 725 898 mutilati
738 836 770 899 et
782 851 823 899 ex
836 832 975 900 disticho
991 838 1210 899 1095-1096
1221 851 1340 916 parum

168 949 249 1016 scite
273 949 416 1031 suppleti
439 948 514 1015 sint.
561 949 678 1029 Neque
701 967 782 1015 vero
806 947 1080 1031 repugnabimus,
1109 949 1137 1016 si
1161 948 1235 1030 quis
1258 954 1342 1016 asci-

168 1066 254 1133 verit
288 1071 321 1132 et
355 1065 620 1147 comprobaverit
646 1063 768 1130 Hilleri
802 1064 1000 1130 sententiam
1035 1063 1198 1146 opinantis
1232 1064 1343 1132 nescio

169 1201 266 1264 quem
283 1186 437 1249 conatum
454 1199 526 1247 esse
542 1199 560 1246 e
575 1179 725 1263 vestigiis
741 1179 814 1245 veri
829 1179 956 1245 exordii
976 1179 1009 1245 in
1031 1180 1215 1262 antiquiore
1232 1180 1344 1248 codice

168 1296 303 1378 relictis,
328 1296 440 1378 qualia
463 1300 541 1362 sunt
554 1345 664 1360 .....
682 1317 733 1360 εν.
751 1345 758 1360 .
778 1346 784 1360 .
806 1301 854 1356 νῦν
875 1297 914 1360 ἅ.
940 1346 947 1360 .
971 1346 977 1360 .
1001 1345 1008 1360 .
1030 1295 1155 1377 aliquid
1178 1297 1342 1379 supplere.

260 1412 325 1496 Qui
348 1416 486 1478 conatus
510 1428 608 1491 quam
635 1429 700 1476 non
726 1428 885 1493 prospere
920 1412 1117 1478 successerit
1150 1431 1245 1478 nemo
1280 1432 1346 1479 non

169 1528 269 1596 videt.
317 1527 413 1611 Quod
435 1525 600 1610 Bergkius
627 1525 800 1608 proposuit
827 1527 886 1593 sed
914 1546 979 1593 non
1006 1528 1160 1609 probavit
1182 1545 1345 1610 apparere

170 1644 257 1710 hanc
280 1645 428 1727 eclogam
453 1662 494 1709 ex
516 1642 669 1708 inferiore
684 1643 757 1708 loco
773 1642 807 1706 in
824 1642 1027 1724 superiorem
1044 1643 1244 1709 translatum
1261 1662 1345 1725 esse,

170 1779 236 1826 non
251 1760 324 1826 vice
340 1778 450 1841 versa,
474 1759 532 1826 vix
556 1757 760 1825 crediderim.
799 1758 966 1823 Versuum
988 1758 1151 1840 repetitio,
1174 1763 1250 1825 utut
1273 1764 1346 1826 orta

169 1882 231 1958 est,
256 1877 361 1943 altero
384 1876 457 1942 looo
481 1873 716 1941 molestissima
739 1879 790 1941 est
814 1880 847 1941 et
869 1874 1071 1956 pronominis
1094 1875 1201 1940 forma
1216 1875 1294 1938 τοῦθ’
1312 1875 1346 1941 in

170 1993 253 2056 ταῦθ’
278 1996 408 2058 mutata
431 1990 527 2057 facile
549 1990 795 2073 interpolatoris
819 2009 938 2058 manus
955 1990 1154 2074 agnoscitur,
1171 1989 1228 2071 qui
1242 1992 1347 2057 verba

169 2127 270 2175 sensu
293 2125 391 2175 cassa
412 2125 518 2188 neque
545 2106 799 2189 simplicissimis
828 2106 1067 2189 grammaticae
1095 2106 1224 2189 legibus
1248 2108 1344 2174 oboe-

170 2223 296 2290 dientia
318 2241 514 2305 componere
536 2242 602 2289 non
625 2223 669 2290 sit
691 2222 828 2289 veritus.

260 2337 340 2404 Jam
364 2337 407 2404 ad
430 2338 529 2403 finem
551 2337 671 2420 prioris
694 2337 823 2420 capitis,
848 2356 912 2420 quo
929 2339 970 2406 de
986 2339 1138 2406 omnibus
1154 2337 1235 2405 locis
1258 2338 1345 2404 intra

169 2454 293 2520 librum
317 2453 345 2513 α’
369 2451 498 2519 iteratis
521 2452 617 2519 nobis
641 2453 876 2535 disputandum
900 2459 982 2536 erat,
1007 2454 1228 2536 pervenimus.
1272 2453 1344 2538 Quo

172 2569 251 2651 quid
283 2569 528 2635 demonstrasse
561 2568 656 2634 nobis
683 2567 859 2635 videamur
887 2574 924 2635 ut
952 2569 1047 2637 brevi
1074 2571 1343 2652 complectamur:

172 2685 323 2752 omnibus
357 2685 425 2751 fere
457 2685 537 2751 locis
573 2688 710 2767 excepto
744 2703 809 2751 uno
839 2686 996 2768 alterore‚
1024 2685 1058 2751 in
1086 2705 1149 2768 quo
1173 2684 1344 2752 tractando

171 2801 267 2868 nimis
297 2820 390 2868 meae
419 2820 540 2868 causae
568 2820 621 2867 mo
650 2799 816 2868 studuisse
844 2820 911 2868 non
938 2801 1077 2868 deerunt
1108 2801 1163 2882 qui
1191 2801 1343 2880 iudicent,

171 2918 371 3001 Theognidis
395 2918 501 2984 verba
523 2915 634 2999 priore
657 2917 729 2983 looo
753 2915 871 2982 melius
896 2935 936 2983 ao
958 2916 1088 2983 fidelius
1111 2921 1247 2984 servata
1270 2921 1346 2984 sunt

169 3053 272 3115 quam
296 3053 345 3116 eo,
370 3052 433 3114 quo
457 3033 630 3099 iterantur.

261 3149 461 3230 Priusquam
485 3154 597 3215 autem
621 3148 664 3214 ad
689 3167 745 3214 eos
768 3166 886 3215 versus
909 3148 1058 3230 iteratos,
1087 3148 1200 3230 quiin
1223 3167 1345 3231 appen-

170 3263 244 3331 dice
267 3264 301 3330 in
324 3264 358 3330 A
380 3268 509 3330 tantum
532 3262 656 3330 tradita
678 3263 897 3345 inveniuntur,
923 3264 1129 3345 accedamus,
1154 3283 1218 3345 quo
1242 3263 1345 3330 facili·

170 3399 262 3446 orem
279 3398 319 3447 ac
333 3379 488 3446 tutiorem
511 3378 601 3445 viam
618 3378 661 3445 ad
677 3398 791 3445 eorum
812 3383 966 3444 naturam
987 3379 1194 3460 indolemque
1209 3379 1345 3446 investi-

168 3495 314 3578 gandam
338 3494 432 3561 nobis
455 3493 652 3575 muniamus,
682 3494 746 3561 duo
771 3493 913 3561 disticha
935 3495 1073 3561 tractari
1097 3514 1180 3577 opus
1202 3495 1345 3575 videtur,

172 3629 255 3692 quas
278 3609 488 3692 repetitiones
512 3609 665 3691 quamvis
687 3609 878 3677 immutatos
900 3629 1060 3678 versuum
1083 3611 1202 3695 prioris
1227 3612 1346 3679 collec-

171 3726 268 3794 tionis
298 3745 371 3794 esse
398 3726 482 3793 falso
512 3724 739 3794 Schneidewin
765 3725 935 3793 iudicavit.
987 3727 1113 3795 Versus
1143 3726 1229 3792 enim
1260 3733 1346 3793 1243

385 3949 444 4034 Δὴν
466 3949 503 4034 δὴ
526 3950 573 4011 καὶ
596 3950 671 4036 φίλοι
695 3948 784 4032 ὦμεν·
810 3949 896 4011 ἔπειτ’
922 3950 1048 4011 ἄλλοισιν
1072 3949 1163 4031 ὁμίλει

384 4056 459 4140 ἦθος
481 4057 558 4142 ἔχων
581 4056 684 4132 δόλιον,
707 4057 811 4126 πίστιος
834 4057 981 4118 ἀντίτυπον

167 4193 298 4256 tantum
322 4191 427 4272 abest,
450 4197 488 4256 ul
512 4189 618 4256 eidem
642 4188 709 4256 sint
732 4193 832 4270 atque
855 4209 888 4255 v.
914 4193 1103 4257 597-598:

385 4314 444 4397 Δὴν
467 4313 503 4396 δὴ
526 4313 573 4375 καὶ
597 4313 672 4399 φίλοι
696 4311 786 4395 ὦμεν·
811 4313 909 4400 ἀτάρτ’
935 4310 1061 4375 ἄλλοισιν
1085 4314 1175 4397 ὁμίλει

385 4419 525 4506 ἀνδράσιν,
549 4418 573 4481 οἳ
594 4420 641 4481 τὸν
665 4415 715 4481 σὺν
740 4419 851 4502 μᾶλλον
872 4420 948 4482 ἴσασι
971 4423 1032 4483 νόον
