3036 4844
752 280 965 342 ..13-

268 472 433 555 Equidem
459 480 494 538 ut
524 495 589 540 non
618 473 728 540 dicam
757 476 795 540 de
827 477 873 542 eis
909 497 994 560 quoe
1024 477 1165 560 speciem
1189 475 1448 559 fragmentorum

269 589 383 665 aperte
405 606 485 668 prae
509 585 691 664 scierunt,
725 607 764 651 ea
794 608 879 669 quae
903 588 1099 652 sententiam
1122 588 1256 670 plenam
1279 586 1448 651 'continere

255 693 437 776 uidentur,
468 697 642 760 maximam
674 704 805 779 partem
833 704 988 781 suspecta
1009 698 1127 763 habeo.
1174 695 1261 760 Nam
1291 697 1446 779 quotiens

268 806 415 870 carmina
436 808 582 889 genuina
604 805 806 889 Theognidis
831 810 962 874 maioris
986 809 1130 874 ambitus
1153 808 1236 890 lego,
1261 808 1447 890 monelegi'a

268 935 340 980 cum
364 916 431 982 illis
455 924 646 1000 comparata
665 920 877 984 vehementer
899 919 1099 1002 discrepant,
1122 923 1246 981 utnon
1270 917 1447 981 videantur

266 1025 308 1091 ab
339 1027 454 1091 eodem
477 1035 582 1110 poeta
613 1028 762 1111 profecta
794 1051 864 1094 esse
893 1050 999 1113 posse.
1046 1027 1220 1112 Quomodo
1243 1033 1353 1092 autem
1375 1050 1446 1092 rem

265 1137 448 1202 iudicarem
472 1139 745 1220 explicaremque
771 1140 875 1222 elegia
898 1162 1032 1222 quaer.
1059 1141 1204 1203 173-78
1227 1137 1361 1218 legitur,
1383 1140 1447 1203 iter

264 1251 468 1313 monstravit.
513 1249 617 1315 Ouios
642 1250 765 1332 elegiae
788 1271 899 1315 versus
923 1256 982 1314 175
1006 1256 1038 1315 et
1062 1253 1123 1314 176
1144 1249 1206 1313 hae
1222 1248 1326 1312 forme
1341 1255 1446 1315 testes

267 1365 394 1424 veteres
418 1359 588 1425 exhibent:

418 1503 478 1591 χρή
500 1509 609 1591 πενίην
632 1505 788 1592 φεύγοντα
810 1508 860 1570 καὶ
882 1505 914 1584 ἐς
935 1506 1113 1591 βαθυκήτεα
1131 1506 1247 1568 πόντον

469 1615 598 1700 ῥιπτεῖν,
621 1617 672 1680 καὶ
695 1622 840 1699 πετρέων,
863 1620 973 1702 Κύρνε,
996 1617 1062 1680 κατ’
1080 1612 1247 1701 ἠλιβάτων.

254 1823 256 1827 ,
350 1776 418 1845 Vix
442 1777 577 1843 dubium
600 1793 671 1843 esse
693 1785 804 1862 potest
820 1781 897 1862 quin
919 1780 1017 1844 lectio
1034 1777 1203 1844 codicibus
1220 1779 1444 1860 Theognideis

263 1888 390 1952 tradita
413 1887 449 1974 ἣν
467 1888 505 1974 δή
528 1889 586 1974 χρή
611 1895 672 1953 etc.
697 1890 739 1953 ad
760 1897 893 1971 poetam
917 1893 1022 1973 ipsum
1046 1891 1170 1969 redeat,
1201 1891 1307 1955 altera
1338 1890 1445 1955 forma

263 2001 312 2064 ita
334 2006 408 2064 orta
432 2002 484 2080 sit,
517 2006 554 2064 ut
585 2000 720 2064 distichi
754 2002 843 2083 quod
871 2022 1030 2066 summam
1053 2003 1237 2066 sententiae
1260 2002 1445 2066 contineret

264 2131 304 2175 ex
327 2110 434 2194 elegia
457 2110 569 2187 evulsi,
593 2116 629 2174 ut
651 2132 711 2193 per
733 2131 768 2174 se
791 2116 880 2175 stare
902 2118 1016 2194 posset
1038 2118 1070 2176 et
1093 2105 1224 2194 plenam
1243 2112 1443 2176 sententiam

262 2221 447 2304 praeberet,
472 2221 602 2284 initium
626 2227 788 2285 mutatum
810 2223 861 2286 sit.
904 2223 987 2287 Rem
1011 2230 1121 2287 autem
1144 2224 1192 2288 ita
1207 2223 1286 2286 mihi
1304 2221 1443 2304 explico.

263 2328 403 2396 Constat
433 2332 519 2396 inter
554 2351 665 2395 omnes
701 2337 820 2413 poetae
853 2331 1054 2416 Megarensis
1088 2334 1210 2415 elegias
1252 2339 1290 2397 ut
1325 2334 1443 2416 plenas

265 2443 444 2525 sapientiae
470 2449 502 2508 et
529 2444 654 2526 optima
674 2444 762 2507 vitae
791 2450 970 2527 praecepta
994 2442 1198 2510 continentes
1224 2443 1312 2527 apud
1336 2443 1458 2507 Athe·

264 2555 396 2619 nienses
420 2556 453 2618 in
474 2576 599 2619 summo
623 2556 748 2620 honore
771 2554 881 2635 fuisse,
913 2555 1044 2620 easdem
1068 2556 1262 2637 praesertim
1292 2555 1325 2618 in
1355 2553 1442 2618 ludis

261 2664 304 2730 ad
333 2687 453 2748 pueros
484 2667 701 2732 instituendos
732 2666 907 2732 adhibitas.
953 2665 1011 2730 Ad
1042 2687 1136 2729 nsum
1160 2671 1270 2729 autem
1300 2686 1441 2728 commo·

263 2777 388 2841 diorem
422 2799 554 2844 necesse
589 2784 639 2842 est
673 2779 859 2861 complures
894 2778 1037 2861 syllogus
1072 2776 1234 2839 breviores
1270 2796 1308 2838 ex
1342 2757 1440 2857 opere

260 2894 378 2971 poetae
400 2889 498 2972 pleno
523 2911 594 2955 esse
616 2891 817 2972 excerpendo
841 2888 1018 2967 confectas,
1044 2911 1083 2952 ex
1105 2887 1225 2968 quibus
1244 2887 1442 2967 florilegium

260 3006 410 3065 nostrum
446 3002 622 3065 conflatum
662 3001 760 3065 hodie
794 3002 853 3064 riri
889 3001 974 3065 docti
1009 2999 1156 3063 credunt.
1213 2998 1328 3078 Atque
1367 3018 1441 3077 cum

262 3132 362 3175 unum
379 3118 569 3194 excerptum
585 3113 725 3176 alterum
741 3114 863 3191 trahat,
888 3133 952 3176 non
971 3111 1130 3174 dissimile
1146 3109 1212 3174 ueri
1230 3116 1280 3171 est
1298 3108 1441 3189 syllogus

260 3223 422 3304 paulatim
453 3224 494 3287 ad
525 3243 684 3287 summam
714 3222 909 3288 brevitatem
933 3222 1104 3300 redactas,
1136 3220 1204 3284 scil.
1229 3241 1269 3283 ex
1302 3220 1440 3299 singulis

261 3333 375 3414 elegiis
399 3334 529 3417 singule
551 3333 670 3414 quibus
689 3334 867 3415 praecipue
889 3334 938 3395 vis
958 3332 1062 3395 totius
1082 3332 1234 3394 carminis
1258 3331 1440 3422 continere·

260 3448 315 3506 tur
339 3442 479 3508 disticha
502 3450 651 3508 extracto
674 3464 762 3522 esse,
796 3464 861 3524 quo
891 3442 1021 3507 facilius
1044 3449 1223 3524 praecepta
1246 3447 1441 3506 tenerentur

261 3560 294 3618 et
316 3554 417 3618 edisci
444 3560 587 3636 possent,
619 3560 832 3635 extractaque
860 3554 892 3616 in
923 3553 1082 3637 syllogam
1105 3553 1254 3620 collecta.
1300 3553 1376 3617 Hoc
1401 3573 1440 3618 eo

260 3664 392 3730 facilius
416 3664 488 3729 fieri
509 3671 641 3747 poterat
664 3665 751 3747 qnod
776 3663 941 3746 Theognis
964 3664 1157 3746 plerumque
1181 3664 1214 3726 in
1237 3663 1301 3729 fine
1322 3670 1438 3745 penta·

260 3777 357 3842 metri
375 3777 572 3842 sententiam
594 3777 725 3859 gravius
747 3776 865 3840 incidit
887 3776 938 3839 vel
964 3774 1094 3839 omnino
1117 3775 1286 3839 concludit
1299 3777 1335 3855 1).

345 3999 364 4066 1)
383 3998 427 4051 De
445 3997 673 4065 interpunctione
696 4000 761 4065 post
779 3995 918 4049 distichon
945 3996 979 4048 cf.
998 3994 1163 4064 Langenum
1190 3995 1224 4048 de
1243 3995 1363 4048 disticho
1383 3994 1438 4050 ele·

257 4086 336 4154 giaco
354 4102 380 4153 p.
401 4085 432 4136 15
450 4100 499 4151 sq„
523 4084 555 4136 31
575 4099 614 4150 sq.
635 4086 663 4135 et
681 4081 842 4136 Rennerum
872 4080 956 4136 Ueher
979 4079 1030 4134 dae
1054 4080 1254 4135 Formclwcoen
1277 4081 1317 4134 im
1337 4080 1439 4150 pricch,

257 4167 608 4240 Eposetc.(hips.1872)
632 4186 659 4237 p.
685 4169 725 4221 ll.
762 4167 818 4221 Sed
843 4183 897 4220 non
921 4167 1041 4220 multum
1068 4165 1236 4220 discriminis
1260 4165 1438 4220 intercedere

256 4255 340 4310 rideo
367 4255 441 4308 inter
467 4257 563 4322 poetes
591 4253 764 4307 diversorum
792 4257 961 4320 temporum.
1003 4250 1121 4306 Prorsus
1148 4267 1296 4321 perperam
1320 4251 1440 4320 haugen
