3036 4844
673 278 798 341 -oss
844 313 882 325 -

277 469 319 537 In
341 472 512 537 vocalibus
543 493 628 554 quae
657 473 691 537 in
720 471 784 536 fine
812 470 985 536 verborum
1016 471 1262 554 correptionem
1291 478 1368 538 ante

192 583 337 648 vocalem
367 582 588 663 admiserunt,
616 584 798 667 principem
828 581 939 647 locum
965 587 1079 648 tenent
1109 582 1306 666 diphthongi
1335 606 1369 647 αι

193 700 227 759 et
248 717 288 775 οι,
309 694 389 758 item
412 699 513 777 atque
536 693 624 776 apud
645 693 837 758 Homerum.
862 693 916 757 En
943 693 1045 758 habes
1074 714 1228 759 numeros
1250 693 1368 777 elegia-

192 826 306 871 corum
338 804 413 869 inde
445 825 465 868 a
493 802 622 869 Gallino
653 824 757 886 usque
796 803 839 868 ad
866 804 1079 871 Theocritum
1109 804 1231 872 Ohium
1262 807 1305 887 (u)
1335 809 1368 869 et

193 913 495 981 Alexandrinorum
518 935 600 996 quos
623 913 795 997 selegimus
814 914 874 998 (b):

277 1066 1288 1146 αιοιειαυευουωῳηῃᾶᾳ

190 1175 405 1252 1019782
461 1172 1285 1236 3105421424351842

189 1282 1282 1363 ὂ)7756140331141622563

241 1380 1368 1484 m

276 1571 366 1637 Hinc
389 1571 578 1637 Hartelium
593 1573 697 1638 valde
720 1594 830 1639 errare
861 1573 1072 1656 perspicuum
1095 1577 1146 1636 est
1168 1571 1288 1654 quippe
1311 1567 1368 1651 qui

182 1680 299 1748 ¹hiatus
321 1689 399 1767 post
431 1690 582 1768 tempora
614 1684 783 1749 homerica
807 1684 960 1767 deinceps
994 1683 1099 1766 magis
1125 1682 1296 1765 magisque
1319 1679 1366 1744 di·

182 1795 368 1879 phthongis
390 1796 552 1861 reservari
573 1795 662 1860 dicat
687 1794 759 1878 (III
774 1818 805 1879 p.
819 1795 863 1880 8).
895 1794 1028 1860 Etenim
1051 1794 1137 1859 ratio
1161 1813 1246 1875 quae
1265 1792 1367 1855 inter-

191 1907 280 1973 cedit
307 1909 395 1972 inter
423 1930 458 1969 αι
488 1907 552 1988 (καί
581 1907 719 1991 omisso)
749 1927 778 1971 οι
805 1931 834 1971 ει
853 1929 890 1970 ου
911 1929 946 1970 ευ
986 1907 1020 1970 in
1049 1925 1115 1969 una
1136 1907 1232 1989 parte
1260 1901 1368 1984 posita

193 2024 227 2083 et
244 2042 270 2081 ω
289 2043 315 2102 ῳ
333 2042 351 2104 η
369 2042 389 2102 ῃ
405 2025 426 2080 ᾶ
444 2040 466 2101 ᾳ
486 2017 520 2080 in
538 2017 654 2096 altera,
675 2016 764 2098 apud
776 2015 960 2081 Homerum
976 2015 1084 2095 (Iliad.
1104 2021 1136 2080 et
1147 2013 1279 2096 Odyss.)
1302 2030 1366 2076 sec.

190 2127 399 2195 Grulichium
421 2133 471 2192 est
494 2131 546 2206 5,2
562 2150 570 2190 :
589 2135 617 2208 1,
642 2127 729 2211 apud
752 2126 938 2192 Hesiodum
963 2148 1025 2194 sec.
1046 2126 1167 2192 Rzach.
1195 2127 1259 2188 3:1
1289 2121 1366 2202 (vid.

191 2245 260 2304 not.
283 2244 383 2303 nostr.
409 2242 425 2301 1
448 2260 479 2320 p.
495 2242 565 2319 52),
597 2237 687 2321 apud
709 2237 873 2319 elegiacos
896 2239 1098 2322 antiquiores
1122 2240 1193 2317 3,7:
1210 2239 1243 2317 1,
1278 2232 1366 2316 apud

190 2348 437 2414 Alexandrinos
470 2352 578 2429 2,8:1.
629 2346 751 2432 Itaque
784 2350 878 2433 copia
908 2350 1072 2414 vocalium
1103 2348 1277 2429 longarum
1306 2365 1366 2428 pro

191 2479 327 2524 numero
352 2457 634 2541 diphthongorum
653 2460 757 2541 magis
781 2460 899 2524 crescit
914 2480 1012 2541 quam
1032 2459 1202 2524 minuitur.
1225 2455 1365 2540 Quastio

191 2574 300 2634 autem
317 2591 394 2634 num
414 2569 542 2650 singula
557 2569 722 2634 vocalium
737 2591 861 2653 genera
877 2570 975 2634 certis
990 2590 1105 2634 versus
1116 2567 1254 2652 pedibus
1270 2565 1367 2650 quasi

190 2680 330 2763 alligata
353 2684 462 2744 essent
483 2701 504 2743 a
526 2680 621 2745 nobis
641 2681 813 2764 instituta,
845 2687 882 2746 ut
904 2679 1026 2746 Hartel
1051 2679 1091 2744 de
1115 2678 1265 2771 Homero
1288 2676 1367 2743 fecit

191 2791 252 2857 HI
274 2813 305 2875 p.
328 2797 357 2873 7,
380 2791 507 2857 inutilis
530 2793 633 2857 evasit
654 2798 856 2876 eventusque
874 2792 1006 2857 nullius.

275 2902 352 2968 Hoc
372 2908 483 2968 autem
506 2923 579 2967 vere
601 2902 725 2969 Hartcl
744 2902 855 2988 posuit
876 2903 898 2968 l.
922 2923 948 2967 c.
971 2926 1002 2986 p.
1025 2907 1055 2983 8,
1088 2899 1177 2985 apud
1200 2898 1365 2985 elegiacos

191 3035 363 3080 numerum
389 3014 630 3096 correptionum
655 3017 690 3079 in
712 3017 900 3083 universum
925 3014 1080 3096 deinceps
1102 3011 1250 3075 diminui.
1286 3009 1366 3074 Pro·

189 3126 274 3192 fecto
297 3146 362 3208 quo
385 3127 524 3209 quisque
544 3132 644 3209 poeta
677 3133 785 3193 aetate
808 3126 946 3192 inferior
978 3129 1058 3203 erat,
1090 3143 1128 3187 eo
1158 3120 1264 3203 magis
1294 3120 1365 3185 hia·

189 3241 259 3300 tum
286 3236 409 3301 evitare
440 3242 474 3301 et
503 3239 701 3320 restringere
731 3236 858 3302 studuit
870 3240 902 3316 ¹).
958 3234 1048 3300 Nam
1078 3233 1106 3298 si
1134 3251 1365 3316 comparamus

188 3366 360 3411 numerum
387 3367 539 3412 versuum
569 3353 764 3412 cunctorum
797 3367 871 3410 cum
903 3345 1049 3410 hiatibus
1079 3344 1213 3428 (ubique
1243 3343 1364 3408 omisso

189 3455 264 3540 καί),
287 3456 370 3521 haec
393 3457 480 3521 ratio
502 3458 646 3523 exsistit:

188 3580 272 3647 Ilias
638 3586 743 3648 15693
765 3604 825 3664 vv.‚
850 3583 932 3647 3345
956 3583 1179 3666 correptiones
1201 3614 1244 3638 --
1264 3584 1361 3664 4,7:1

188 3689 339 3777 Odyssea
643 3698 748 3759 12110
782 3743 802 3776 ,,
847 3697 930 3759 2306
1061 3742 1080 3775 „
1199 3696 1362 3774 =4,3:1

188 3803 301 3886 hymni
663 3808 746 3869 2325
785 3852 804 3885 ,,
869 3807 932 3868 467
1062 3853 1082 3886 ,,
1200 3833 1244 3856 =
1297 3806 1362 3868 5ε1

188 3912 542 3999 OaHinus-Tyrtaeus
685 3919 746 3979 216
784 3963 803 3995 ,,
891 3918 931 3980 52
1062 3963 1081 3997 „
1200 3944 1243 3968 =
1263 3915 1362 3994 4,1:1

188 4025 506 4110 Asius-Theognis
663 4029 747 4092 1800
782 4073 802 4106 ‚,
870 4030 932 4091 353
1062 4073 1081 4107 „
1200 4054 1242 4077 =
1265 4027 1361 4104 5,1:1

277 4256 298 4324 ¹)
316 4255 395 4309 idem
414 4253 557 4309 contendit
577 4252 684 4307 Goebel
704 4253 740 4307 de
759 4256 883 4322 corrept.
904 4257 954 4309 att.
972 4272 999 4323 p.
1012 4253 1044 4308 51
1064 4253 1132 4310 thes.
1145 4253 1202 4310 ΠΙ.
