<?xml version="1.0" encoding="UTF-8"?>
<!DOCTYPE html PUBLIC "-//W3C//DTD XHTML 1.0 Transitional//EN"
    "http://www.w3.org/TR/xhtml1/DTD/xhtml1-transitional.dtd">
<html xmlns="http://www.w3.org/1999/xhtml" xml:lang="en" lang="en">
 <head>
  <title>
</title>
<meta http-equiv="Content-Type" content="text/html;charset=utf-8" />
  <meta name='ocr-system' content='tesseract 3.04.00' />
  <meta name='ocr-capabilities' content='ocr_page ocr_carea ocr_par ocr_line ocrx_word'/>
</head>
<body>
  <div class='ocr_page' id='page_1' title='image "./studiatheognide00lucagoog_0130.png"; bbox 0 0 3036 4844; ppageno 0'>
   <div class='ocr_carea' id='block_1_1' title="bbox 601 312 825 374">
    <p class='ocr_par' dir='ltr' id='par_1_1' title="bbox 601 312 825 374">
     <span class='ocr_line' id='line_1_1' title="bbox 601 312 825 374; baseline 0.004 -21"><span class='ocrx_word' id='word_1_1' title='bbox 601 312 825 374; x_wconf 71' lang='lat'>..23-</span> 
     </span>
    </p>
   </div>
   <div class='ocr_carea' id='block_1_2' title="bbox 119 495 1302 3049">
    <p class='ocr_par' dir='ltr' id='par_1_2' title="bbox 121 495 1302 2795">
     <span class='ocr_line' id='line_1_2' title="bbox 124 495 1301 586; baseline 0.003 -18"><span class='ocrx_word' id='word_1_2' title='bbox 124 507 360 584; x_wconf 84' lang='lat' dir='ltr'>praeterquam</span> <span class='ocrx_word' id='word_1_3' title='bbox 383 506 472 584; x_wconf 90' lang='lat' dir='ltr'>quod</span> <span class='ocrx_word' id='word_1_4' title='bbox 494 502 647 569; x_wconf 92' lang='lat' dir='ltr'>ultimum</span> <span class='ocrx_word' id='word_1_5' title='bbox 671 502 807 570; x_wconf 87' lang='lat' dir='ltr'>alterius</span> <span class='ocrx_word' id='word_1_6' title='bbox 831 500 1028 586; x_wconf 74' lang='lat' dir='ltr'>pentametri</span> <span class='ocrx_word' id='word_1_7' title='bbox 1051 495 1190 569; x_wconf 85' lang='lat' dir='ltr'>verbum</span> <span class='ocrx_word' id='word_1_8' title='bbox 1213 501 1247 568; x_wconf 93' lang='lat' dir='ltr'>in</span> <span class='ocrx_word' id='word_1_9' title='bbox 1271 501 1301 572; x_wconf 93' lang='grc' dir='ltr'>Ο</span> 
     </span>
     <span class='ocr_line' id='line_1_3' title="bbox 124 617 1302 702; baseline -0.001 -18"><span class='ocrx_word' id='word_1_10' title='bbox 124 637 191 686; x_wconf 91' lang='lat' dir='ltr'>non</span> <span class='ocrx_word' id='word_1_11' title='bbox 212 618 305 702; x_wconf 65' lang='grc' dir='ltr'>λόγος,</span> <span class='ocrx_word' id='word_1_12' title='bbox 330 618 388 686; x_wconf 87' lang='lat' dir='ltr'>sed</span> <span class='ocrx_word' id='word_1_13' title='bbox 410 621 473 688; x_wconf 73' lang='grc' dir='ltr'>νόος</span> <span class='ocrx_word' id='word_1_14' title='bbox 503 623 562 685; x_wconf 89' lang='lat' dir='ltr'>est.</span> <span class='ocrx_word' id='word_1_15' title='bbox 624 618 688 686; x_wconf 89' lang='lat' dir='ltr'>His</span> <span class='ocrx_word' id='word_1_16' title='bbox 711 618 823 685; x_wconf 80' lang='lat' dir='ltr'>verbis</span> <span class='ocrx_word' id='word_1_17' title='bbox 858 617 1023 685; x_wconf 88' lang='lat' dir='ltr'>sententia</span> <span class='ocrx_word' id='word_1_18' title='bbox 1057 617 1252 701; x_wconf 81' lang='lat' dir='ltr'><strong>exprimitur</strong></span> <span class='ocrx_word' id='word_1_19' title='bbox 1280 635 1302 684; x_wconf 90' lang='lat' dir='ltr'>a</span> 
     </span>
     <span class='ocr_line' id='line_1_4' title="bbox 124 730 1300 817; baseline 0 -18"><span class='ocrx_word' id='word_1_20' title='bbox 124 732 324 817; x_wconf 77' lang='lat' dir='ltr'>Theognidis</span> <span class='ocrx_word' id='word_1_21' title='bbox 347 738 456 800; x_wconf 91' lang='lat' dir='ltr'>mente</span> <span class='ocrx_word' id='word_1_22' title='bbox 479 751 643 815; x_wconf 87' lang='lat' dir='ltr'>sensuque</span> <span class='ocrx_word' id='word_1_23' title='bbox 667 733 798 800; x_wconf 90' lang='lat' dir='ltr'>omnino</span> <span class='ocrx_word' id='word_1_24' title='bbox 821 730 1084 814; x_wconf 72' lang='lat' dir='ltr'>non&#39;disiuncta</span> <span class='ocrx_word' id='word_1_25' title='bbox 1108 731 1167 799; x_wconf 87' lang='lat' dir='ltr'>sed</span> <span class='ocrx_word' id='word_1_26' title='bbox 1182 736 1300 814; x_wconf 87' lang='lat' dir='ltr'>poetae</span> 
     </span>
     <span class='ocr_line' id='line_1_5' title="bbox 124 847 1300 935; baseline -0.003 -21"><span class='ocrx_word' id='word_1_27' title='bbox 124 854 265 915; x_wconf 84' lang='lat' dir='ltr'>naturae</span> <span class='ocrx_word' id='word_1_28' title='bbox 299 867 399 930; x_wconf 88' lang='lat' dir='ltr'>quam</span> <span class='ocrx_word' id='word_1_29' title='bbox 433 848 577 915; x_wconf 84' lang='lat' dir='ltr'>maxime</span> <span class='ocrx_word' id='word_1_30' title='bbox 612 848 819 916; x_wconf 84' lang='lat' dir='ltr'>conveniens.</span> <span class='ocrx_word' id='word_1_31' title='bbox 878 847 1043 935; x_wconf 78' lang='grc' dir='ltr'>ὑπερτεμῖης</span> <span class='ocrx_word' id='word_1_32' title='bbox 1070 847 1185 930; x_wconf 80' lang='grc' dir='ltr'>δ’ᾰμμιν</span> <span class='ocrx_word' id='word_1_33' title='bbox 1210 847 1300 911; x_wconf 84' lang='grc' dir='ltr'>ἔνεστι</span> 
     </span>
     <span class='ocr_line' id='line_1_6' title="bbox 124 963 1299 1048; baseline 0.004 -22"><span class='ocrx_word' id='word_1_34' title='bbox 124 964 209 1048; x_wconf 67' lang='grc' dir='ltr'>λόγος</span> <span class='ocrx_word' id='word_1_35' title='bbox 232 964 281 1031; x_wconf 89' lang='lat' dir='ltr'>ita</span> <span class='ocrx_word' id='word_1_36' title='bbox 302 964 524 1047; x_wconf 82' lang='lat' dir='ltr'>intellegenda</span> <span class='ocrx_word' id='word_1_37' title='bbox 558 983 640 1047; x_wconf 89' lang='lat' dir='ltr'>esse,</span> <span class='ocrx_word' id='word_1_38' title='bbox 675 969 714 1032; x_wconf 94' lang='lat' dir='ltr'>ut</span> <span class='ocrx_word' id='word_1_39' title='bbox 747 965 816 1032; x_wconf 90' lang='lat' dir='ltr'>iarn</span> <span class='ocrx_word' id='word_1_40' title='bbox 838 965 996 1033; x_wconf 88' lang='lat' dir='ltr'>Welcker</span> <span class='ocrx_word' id='word_1_41' title='bbox 1022 963 1175 1045; x_wconf 77' lang='lat' dir='ltr'>voluerit,</span> <span class='ocrx_word' id='word_1_42' title='bbox 1209 968 1299 1031; x_wconf 88' lang='lat' dir='ltr'>recte</span> 
     </span>
     <span class='ocr_line' id='line_1_7' title="bbox 123 1078 1299 1165; baseline 0.001 -20"><span class='ocrx_word' id='word_1_43' title='bbox 123 1080 233 1147; x_wconf 92' lang='lat' dir='ltr'>Hiller</span> <span class='ocrx_word' id='word_1_44' title='bbox 256 1079 521 1165; x_wconf 85' lang='lat' dir='ltr'>(Jahresbericht</span> <span class='ocrx_word' id='word_1_45' title='bbox 555 1081 639 1147; x_wconf 85' lang='lat' dir='ltr'>dber</span> <span class='ocrx_word' id='word_1_46' title='bbox 672 1080 726 1147; x_wconf 91' lang='lat' dir='ltr'>die</span> <span class='ocrx_word' id='word_1_47' title='bbox 753 1079 972 1147; x_wconf 83' lang='lat' dir='ltr'>Fortschritte</span> <span class='ocrx_word' id='word_1_48' title='bbox 1007 1079 1067 1146; x_wconf 91' lang='lat' dir='ltr'>der</span> <span class='ocrx_word' id='word_1_49' title='bbox 1093 1078 1299 1146; x_wconf 85' lang='lat' dir='ltr'>klassischen</span> 
     </span>
     <span class='ocr_line' id='line_1_8' title="bbox 123 1193 1300 1282; baseline 0.003 -20"><span class='ocrx_word' id='word_1_50' title='bbox 123 1194 542 1262; x_wconf 85' lang='lat' dir='ltr'>Altertumswissenschatt</span> <span class='ocrx_word' id='word_1_51' title='bbox 567 1201 653 1263; x_wconf 86' lang='lat'>1888</span> <span class='ocrx_word' id='word_1_52' title='bbox 676 1215 708 1280; x_wconf 93' lang='lat' dir='ltr'>p.</span> <span class='ocrx_word' id='word_1_53' title='bbox 734 1197 811 1282; x_wconf 80' lang='grc'>147)</span> <span class='ocrx_word' id='word_1_54' title='bbox 835 1194 969 1263; x_wconf 88' lang='lat' dir='ltr'>monuit.</span> <span class='ocrx_word' id='word_1_55' title='bbox 1019 1194 1104 1279; x_wconf 62' lang='grc' dir='ltr'>λάτοι</span> <span class='ocrx_word' id='word_1_56' title='bbox 1127 1193 1300 1282; x_wconf 74' lang='grc' dir='ltr'>ὑπιμτεμῖηο,</span> 
     </span>
     <span class='ocr_line' id='line_1_9' title="bbox 123 1311 1299 1400; baseline -0.001 -22"><span class='ocrx_word' id='word_1_57' title='bbox 123 1330 184 1394; x_wconf 93' lang='lat' dir='ltr'>per</span> <span class='ocrx_word' id='word_1_58' title='bbox 205 1311 442 1394; x_wconf 59' lang='lat' dir='ltr'>periphrasin,</span> <span class='ocrx_word' id='word_1_59' title='bbox 457 1331 517 1394; x_wconf 92' lang='lat' dir='ltr'>pro</span> <span class='ocrx_word' id='word_1_60' title='bbox 540 1313 560 1398; x_wconf 79' lang='grc' dir='ltr'>ἡ</span> <span class='ocrx_word' id='word_1_61' title='bbox 586 1312 733 1400; x_wconf 76' lang='grc' dir='ltr'>ὁπερτεμίη</span> <span class='ocrx_word' id='word_1_62' title='bbox 756 1313 824 1398; x_wconf 81' lang='grc' dir='ltr'>ἡμῖν</span> <span class='ocrx_word' id='word_1_63' title='bbox 840 1313 939 1394; x_wconf 76' lang='grc' dir='ltr'>ἔνεστι,</span> <span class='ocrx_word' id='word_1_64' title='bbox 967 1330 1064 1378; x_wconf 91' lang='lat' dir='ltr'>nemo</span> <span class='ocrx_word' id='word_1_65' title='bbox 1086 1330 1147 1379; x_wconf 90' lang='lat' dir='ltr'>nos</span> <span class='ocrx_word' id='word_1_66' title='bbox 1167 1315 1299 1394; x_wconf 81' lang='lat' dir='ltr'>aequat.</span> 
     </span>
     <span class='ocr_line' id='line_1_10' title="bbox 123 1425 1300 1514; baseline 0.003 -24"><span class='ocrx_word' id='word_1_67' title='bbox 123 1425 288 1514; x_wconf 74' lang='grc' dir='ltr'>ὁπομτεμῖην</span> <span class='ocrx_word' id='word_1_68' title='bbox 303 1428 390 1494; x_wconf 91' lang='lat' dir='ltr'>enim</span> <span class='ocrx_word' id='word_1_69' title='bbox 409 1429 477 1495; x_wconf 93' lang='lat' dir='ltr'>noli</span> <span class='ocrx_word' id='word_1_70' title='bbox 495 1448 570 1495; x_wconf 91' lang='lat' dir='ltr'>cum</span> <span class='ocrx_word' id='word_1_71' title='bbox 585 1429 730 1513; x_wconf 82' lang='lat' dir='ltr'>Bergkio</span> <span class='ocrx_word' id='word_1_72' title='bbox 747 1429 937 1512; x_wconf 79' lang='lat' dir='ltr'>superbiam</span> <span class='ocrx_word' id='word_1_73' title='bbox 953 1427 1176 1511; x_wconf 81' lang='lat' dir='ltr'>interpretari,</span> <span class='ocrx_word' id='word_1_74' title='bbox 1200 1445 1300 1509; x_wconf 89' lang='lat' dir='ltr'>quam</span> 
     </span>
     <span class='ocr_line' id='line_1_11' title="bbox 125 1542 1298 1631; baseline -0.003 -22"><span class='ocrx_word' id='word_1_75' title='bbox 125 1561 168 1609; x_wconf 82' lang='lat' dir='ltr'>cx</span> <span class='ocrx_word' id='word_1_76' title='bbox 190 1542 351 1627; x_wconf 85' lang='lat' dir='ltr'>Hesychii</span> <span class='ocrx_word' id='word_1_77' title='bbox 375 1542 551 1631; x_wconf 74' lang='grc' dir='ltr'>ι’νοτεμτερῖῃσι</span> <span class='ocrx_word' id='word_1_78' title='bbox 573 1551 779 1630; x_wconf 75' lang='grc' dir='ltr'>νεωτερισμοῖς,</span> <span class='ocrx_word' id='word_1_79' title='bbox 804 1544 1005 1631; x_wconf 73' lang='grc' dir='ltr'><strong>ὑπερηφανίαις</strong></span> <span class='ocrx_word' id='word_1_80' title='bbox 1033 1543 1211 1625; x_wconf 72' lang='lat' dir='ltr'>derivavit,</span> <span class='ocrx_word' id='word_1_81' title='bbox 1241 1543 1298 1609; x_wconf 85' lang='lat' dir='ltr'>sed</span> 
     </span>
     <span class='ocr_line' id='line_1_12' title="bbox 127 1658 1300 1743; baseline 0 -19"><span class='ocrx_word' id='word_1_82' title='bbox 127 1658 238 1740; x_wconf 88' lang='lat' dir='ltr'>potius</span> <span class='ocrx_word' id='word_1_83' title='bbox 262 1658 375 1743; x_wconf 87' lang='lat' dir='ltr'>accipe</span> <span class='ocrx_word' id='word_1_84' title='bbox 392 1678 453 1742; x_wconf 91' lang='lat' dir='ltr'>pro</span> <span class='ocrx_word' id='word_1_85' title='bbox 470 1659 686 1742; x_wconf 89' lang='lat' dir='ltr'>praestantia.</span> <span class='ocrx_word' id='word_1_86' title='bbox 722 1659 795 1726; x_wconf 90' lang='lat' dir='ltr'>Iam</span> <span class='ocrx_word' id='word_1_87' title='bbox 812 1659 986 1726; x_wconf 85' lang='lat' dir='ltr'>videamus</span> <span class='ocrx_word' id='word_1_88' title='bbox 1002 1658 1194 1726; x_wconf 90' lang='lat' dir='ltr'>leviusculis</span> <span class='ocrx_word' id='word_1_89' title='bbox 1209 1658 1300 1725; x_wconf 86' lang='lat' dir='ltr'>vitiis</span> 
     </span>
     <span class='ocr_line' id='line_1_13' title="bbox 121 1773 1299 1857; baseline 0 -19"><span class='ocrx_word' id='word_1_90' title='bbox 121 1773 298 1857; x_wconf 84' lang='lat' dir='ltr'>neglectis,</span> <span class='ocrx_word' id='word_1_91' title='bbox 336 1778 497 1855; x_wconf 86' lang='lat' dir='ltr'>quantum</span> <span class='ocrx_word' id='word_1_92' title='bbox 533 1775 700 1842; x_wconf 89' lang='lat' dir='ltr'>immutati</span> <span class='ocrx_word' id='word_1_93' title='bbox 738 1774 845 1841; x_wconf 88' lang='lat' dir='ltr'>eidem</span> <span class='ocrx_word' id='word_1_94' title='bbox 878 1793 997 1842; x_wconf 87' lang='lat' dir='ltr'>versus</span> <span class='ocrx_word' id='word_1_95' title='bbox 1034 1779 1111 1857; x_wconf 92' lang='lat' dir='ltr'>post</span> <span class='ocrx_word' id='word_1_96' title='bbox 1142 1794 1175 1839; x_wconf 83' lang='grc' dir='ltr'>ν.</span> <span class='ocrx_word' id='word_1_97' title='bbox 1213 1779 1299 1839; x_wconf 85' lang='grc'>1164</span> 
     </span>
     <span class='ocr_line' id='line_1_14' title="bbox 122 1889 1296 1973; baseline -0.002 -17"><span class='ocrx_word' id='word_1_98' title='bbox 122 1893 331 1972; x_wconf 75' lang='lat' dir='ltr'>repetantur:</span> <span class='ocrx_word' id='word_1_99' title='bbox 355 1909 415 1973; x_wconf 93' lang='lat' dir='ltr'>pro</span> <span class='ocrx_word' id='word_1_100' title='bbox 439 1889 529 1953; x_wconf 77' lang='grc' dir='ltr'>οὐδέν’</span> <span class='ocrx_word' id='word_1_101' title='bbox 553 1890 588 1957; x_wconf 94' lang='lat' dir='ltr'>in</span> <span class='ocrx_word' id='word_1_102' title='bbox 610 1910 641 1957; x_wconf 84' lang='grc' dir='ltr'>ν.</span> <span class='ocrx_word' id='word_1_103' title='bbox 663 1895 729 1956; x_wconf 85' lang='grc'>415</span> <span class='ocrx_word' id='word_1_104' title='bbox 753 1890 787 1955; x_wconf 83' lang='grc' dir='ltr'><strong>Α</strong></span> <span class='ocrx_word' id='word_1_105' title='bbox 810 1889 839 1958; x_wconf 94' lang='lat'>0</span> <span class='ocrx_word' id='word_1_106' title='bbox 863 1890 987 1956; x_wconf 87' lang='lat' dir='ltr'>habent</span> <span class='ocrx_word' id='word_1_107' title='bbox 1009 1889 1104 1972; x_wconf 79' lang='grc' dir='ltr'>οὔτιν’,</span> <span class='ocrx_word' id='word_1_108' title='bbox 1126 1889 1161 1955; x_wconf 94' lang='lat' dir='ltr'>in</span> <span class='ocrx_word' id='word_1_109' title='bbox 1182 1909 1215 1954; x_wconf 83' lang='grc' dir='ltr'>ν.</span> <span class='ocrx_word' id='word_1_110' title='bbox 1231 1893 1296 1954; x_wconf 84' lang='grc'>417</span> 
     </span>
     <span class='ocr_line' id='line_1_15' title="bbox 124 2004 1298 2093; baseline 0.003 -25"><span class='ocrx_word' id='word_1_111' title='bbox 124 2022 181 2087; x_wconf 90' lang='lat' dir='ltr'>pro</span> <span class='ocrx_word' id='word_1_112' title='bbox 204 2005 409 2093; x_wconf 80' lang='grc' dir='ltr'>παρατρίβομαι</span> <span class='ocrx_word' id='word_1_113' title='bbox 433 2006 508 2069; x_wconf 85' lang='grc' dir='ltr'>ὥστε</span> <span class='ocrx_word' id='word_1_114' title='bbox 522 2005 763 2093; x_wconf 78' lang='grc' dir='ltr'>ταρατμιβόμενάς</span> <span class='ocrx_word' id='word_1_115' title='bbox 777 2027 819 2080; x_wconf 83' lang='grc' dir='ltr'>τε,</span> <span class='ocrx_word' id='word_1_116' title='bbox 833 2005 860 2068; x_wconf 88' lang='grc' dir='ltr'>δ’</span> <span class='ocrx_word' id='word_1_117' title='bbox 877 2010 953 2087; x_wconf 82' lang='lat' dir='ltr'>post</span> <span class='ocrx_word' id='word_1_118' title='bbox 968 2004 1133 2092; x_wconf 73' lang='grc' dir='ltr'>ὑπερτερίης</span> <span class='ocrx_word' id='word_1_119' title='bbox 1151 2005 1298 2071; x_wconf 85' lang='lat' dir='ltr'>locatum</span> 
     </span>
     <span class='ocr_line' id='line_1_16' title="bbox 124 2120 1297 2203; baseline 0 -17"><span class='ocrx_word' id='word_1_120' title='bbox 124 2125 260 2203; x_wconf 89' lang='lat' dir='ltr'>uterque</span> <span class='ocrx_word' id='word_1_121' title='bbox 284 2121 414 2188; x_wconf 91' lang='lat' dir='ltr'>omittit.</span> <span class='ocrx_word' id='word_1_122' title='bbox 461 2123 588 2188; x_wconf 82' lang='lat' dir='ltr'>Versus</span> <span class='ocrx_word' id='word_1_123' title='bbox 623 2121 686 2188; x_wconf 88' lang='lat' dir='ltr'>hoc</span> <span class='ocrx_word' id='word_1_124' title='bbox 719 2122 792 2187; x_wconf 90' lang='lat' dir='ltr'>loco</span> <span class='ocrx_word' id='word_1_125' title='bbox 816 2120 980 2187; x_wconf 81' lang='lat' dir='ltr'>exhibitos</span> <span class='ocrx_word' id='word_1_126' title='bbox 1003 2120 1122 2187; x_wconf 90' lang='lat' dir='ltr'>melius</span> <span class='ocrx_word' id='word_1_127' title='bbox 1145 2124 1297 2186; x_wconf 85' lang='lat' dir='ltr'>servatos</span> 
     </span>
     <span class='ocr_line' id='line_1_17' title="bbox 126 2235 1295 2321; baseline -0.002 -17"><span class='ocrx_word' id='word_1_128' title='bbox 126 2254 195 2304; x_wconf 87' lang='lat' dir='ltr'>esse</span> <span class='ocrx_word' id='word_1_129' title='bbox 219 2237 446 2305; x_wconf 80' lang='lat' dir='ltr'>Schneidewin</span> <span class='ocrx_word' id='word_1_130' title='bbox 469 2239 570 2320; x_wconf 73' lang='lat' dir='ltr'>solus,</span> <span class='ocrx_word' id='word_1_131' title='bbox 594 2243 754 2321; x_wconf 87' lang='lat' dir='ltr'>quantum</span> <span class='ocrx_word' id='word_1_132' title='bbox 777 2238 889 2320; x_wconf 84' lang='lat' dir='ltr'>video,</span> <span class='ocrx_word' id='word_1_133' title='bbox 918 2254 1093 2320; x_wconf 85' lang='lat' dir='ltr'>perperam</span> <span class='ocrx_word' id='word_1_134' title='bbox 1119 2235 1295 2302; x_wconf 76' lang='lat' dir='ltr'>contendit.</span> 
     </span>
     <span class='ocr_line' id='line_1_18' title="bbox 126 2350 1297 2440; baseline -0.003 -22"><span class='ocrx_word' id='word_1_135' title='bbox 126 2350 175 2418; x_wconf 84' lang='lat' dir='ltr'>Ut</span> <span class='ocrx_word' id='word_1_136' title='bbox 194 2353 277 2415; x_wconf 80' lang='grc' dir='ltr'>οὔτιν’</span> <span class='ocrx_word' id='word_1_137' title='bbox 302 2372 361 2436; x_wconf 88' lang='lat' dir='ltr'>pro</span> <span class='ocrx_word' id='word_1_138' title='bbox 396 2353 486 2416; x_wconf 82' lang='grc' dir='ltr'>οὐδέν’</span> <span class='ocrx_word' id='word_1_139' title='bbox 523 2353 740 2421; x_wconf 84' lang='lat' dir='ltr'>substitutum</span> <span class='ocrx_word' id='word_1_140' title='bbox 775 2353 956 2435; x_wconf 73' lang='lat' dir='ltr'>mittamus,</span> <span class='ocrx_word' id='word_1_141' title='bbox 990 2351 1232 2440; x_wconf 76' lang='grc' dir='ltr'>παρατριβάμενάς</span> <span class='ocrx_word' id='word_1_142' title='bbox 1265 2373 1297 2415; x_wconf 85' lang='grc' dir='ltr'>τε</span> 
     </span>
     <span class='ocr_line' id='line_1_19' title="bbox 125 2466 800 2554; baseline 0.012 -26"><span class='ocrx_word' id='word_1_143' title='bbox 125 2466 258 2554; x_wconf 77' lang='grc' dir='ltr'>μολύβδῳ</span> <span class='ocrx_word' id='word_1_144' title='bbox 281 2489 308 2535; x_wconf 88' lang='lat' dir='ltr'>s.</span> <span class='ocrx_word' id='word_1_145' title='bbox 333 2489 365 2536; x_wconf 84' lang='grc' dir='ltr'>ν.</span> <span class='ocrx_word' id='word_1_146' title='bbox 392 2474 476 2536; x_wconf 88' lang='lat'>1105</span> <span class='ocrx_word' id='word_1_147' title='bbox 502 2469 661 2554; x_wconf 88' lang='lat' dir='ltr'>originem</span> <span class='ocrx_word' id='word_1_148' title='bbox 684 2469 800 2537; x_wconf 85' lang='lat' dir='ltr'>traxit:</span> 
     </span>
     <span class='ocr_line' id='line_1_20' title="bbox 281 2599 1105 2690; baseline -0.001 -25"><span class='ocrx_word' id='word_1_149' title='bbox 281 2601 312 2672; x_wconf 82' lang='grc' dir='ltr'>ἐς</span> <span class='ocrx_word' id='word_1_150' title='bbox 336 2601 457 2685; x_wconf 79' lang='grc' dir='ltr'>βάσανον</span> <span class='ocrx_word' id='word_1_151' title='bbox 480 2601 506 2665; x_wconf 83' lang='grc' dir='ltr'>δ’</span> <span class='ocrx_word' id='word_1_152' title='bbox 532 2600 629 2666; x_wconf 78' lang='grc' dir='ltr'>ἐλθὼν</span> <span class='ocrx_word' id='word_1_153' title='bbox 652 2603 891 2690; x_wconf 77' lang='grc' dir='ltr'>παρατριβάμενός</span> <span class='ocrx_word' id='word_1_154' title='bbox 913 2624 946 2666; x_wconf 82' lang='grc' dir='ltr'>τε</span> <span class='ocrx_word' id='word_1_155' title='bbox 969 2599 1105 2687; x_wconf 78' lang='grc' dir='ltr'>μολύβδῳ</span> 
     </span>
     <span class='ocr_line' id='line_1_21' title="bbox 280 2706 944 2795; baseline 0.003 -25"><span class='ocrx_word' id='word_1_156' title='bbox 280 2706 387 2795; x_wconf 74' lang='grc' dir='ltr'>χρυσὸς</span> <span class='ocrx_word' id='word_1_157' title='bbox 411 2709 539 2795; x_wconf 68' lang='lat' dir='ltr'>derepto:</span> <span class='ocrx_word' id='word_1_158' title='bbox 563 2707 618 2771; x_wconf 83' lang='grc' dir='ltr'>ἐὼν</span> <span class='ocrx_word' id='word_1_159' title='bbox 641 2709 731 2779; x_wconf 79' lang='grc' dir='ltr'>καλὸς</span> <span class='ocrx_word' id='word_1_160' title='bbox 754 2713 856 2773; x_wconf 81' lang='grc' dir='ltr'>ἅπασιν</span> <span class='ocrx_word' id='word_1_161' title='bbox 880 2710 944 2792; x_wconf 76' lang='grc' dir='ltr'>ἐσμ,</span> 
     </span>
    </p>

    <p class='ocr_par' dir='ltr' id='par_1_3' title="bbox 119 2850 1296 3049">
     <span class='ocr_line' id='line_1_22' title="bbox 119 2850 1296 2933; baseline 0.002 -18"><span class='ocrx_word' id='word_1_162' title='bbox 119 2866 261 2930; x_wconf 88' lang='lat' dir='ltr'>quocum</span> <span class='ocrx_word' id='word_1_163' title='bbox 285 2850 435 2918; x_wconf 90' lang='lat' dir='ltr'>omnibus</span> <span class='ocrx_word' id='word_1_164' title='bbox 459 2851 604 2917; x_wconf 88' lang='lat' dir='ltr'>numeris</span> <span class='ocrx_word' id='word_1_165' title='bbox 628 2850 778 2933; x_wconf 84' lang='lat' dir='ltr'>concinit,</span> <span class='ocrx_word' id='word_1_166' title='bbox 802 2870 867 2917; x_wconf 91' lang='lat' dir='ltr'>non</span> <span class='ocrx_word' id='word_1_167' title='bbox 890 2850 998 2917; x_wconf 86' lang='lat' dir='ltr'>minus</span> <span class='ocrx_word' id='word_1_168' title='bbox 1022 2869 1122 2933; x_wconf 87' lang='lat' dir='ltr'>quam</span> <span class='ocrx_word' id='word_1_169' title='bbox 1145 2851 1296 2917; x_wconf 88' lang='lat' dir='ltr'>clausula</span> 
     </span>
     <span class='ocr_line' id='line_1_23' title="bbox 120 2964 1294 3049; baseline 0.002 -19"><span class='ocrx_word' id='word_1_170' title='bbox 120 2966 318 3047; x_wconf 85' lang='lat' dir='ltr'>pentametri</span> <span class='ocrx_word' id='word_1_171' title='bbox 341 2965 476 3033; x_wconf 87' lang='lat' dir='ltr'>alterius</span> <span class='ocrx_word' id='word_1_172' title='bbox 499 2964 533 3031; x_wconf 93' lang='lat' dir='ltr'>in</span> <span class='ocrx_word' id='word_1_173' title='bbox 550 2967 590 3049; x_wconf 90' lang='lat' dir='ltr'>O,</span> <span class='ocrx_word' id='word_1_174' title='bbox 615 2965 670 3048; x_wconf 89' lang='lat' dir='ltr'>qui</span> <span class='ocrx_word' id='word_1_175' title='bbox 689 2965 777 3034; x_wconf 85' lang='lat' dir='ltr'>infra</span> <span class='ocrx_word' id='word_1_176' title='bbox 792 2985 921 3049; x_wconf 87' lang='lat' dir='ltr'>quoque</span> <span class='ocrx_word' id='word_1_177' title='bbox 940 2970 1003 3038; x_wconf 74' lang='grc' dir='ltr'>νόος</span> <span class='ocrx_word' id='word_1_178' title='bbox 1018 2966 1129 3048; x_wconf 81' lang='lat' dir='ltr'>habet,</span> <span class='ocrx_word' id='word_1_179' title='bbox 1153 2985 1218 3033; x_wconf 89' lang='lat' dir='ltr'>ev.</span> <span class='ocrx_word' id='word_1_180' title='bbox 1236 2971 1294 3032; x_wconf 85' lang='lat'>88:</span> 
     </span>
    </p>
   </div>
   <div class='ocr_carea' id='block_1_3' title="bbox 378 3098 1000 3186">
    <p class='ocr_par' dir='ltr' id='par_1_4' title="bbox 378 3098 1000 3186">
     <span class='ocr_line' id='line_1_24' title="bbox 378 3098 1000 3186; baseline 0.003 -26"><span class='ocrx_word' id='word_1_181' title='bbox 378 3098 439 3182; x_wconf 83' lang='grc' dir='ltr'>εἴμε</span> <span class='ocrx_word' id='word_1_182' title='bbox 461 3099 552 3186; x_wconf 79' lang='grc' dir='ltr'>φιλεῖς</span> <span class='ocrx_word' id='word_1_183' title='bbox 573 3101 620 3164; x_wconf 77' lang='grc' dir='ltr'>καί</span> <span class='ocrx_word' id='word_1_184' title='bbox 642 3122 684 3163; x_wconf 94' lang='grc' dir='ltr'>τοι</span> <span class='ocrx_word' id='word_1_185' title='bbox 705 3101 802 3172; x_wconf 79' lang='grc' dir='ltr'>πιστὸς</span> <span class='ocrx_word' id='word_1_186' title='bbox 825 3101 914 3164; x_wconf 82' lang='grc' dir='ltr'>ἔνεστι</span> <span class='ocrx_word' id='word_1_187' title='bbox 936 3103 1000 3171; x_wconf 80' lang='grc' dir='ltr'>νόος</span> 
     </span>
    </p>
   </div>
   <div class='ocr_carea' id='block_1_4' title="bbox 117 3191 1296 3623">
    <p class='ocr_par' dir='ltr' id='par_1_5' title="bbox 117 3191 1296 3623">
     <span class='ocr_line' id='line_1_25' title="bbox 119 3191 979 3366; baseline 0.005 -29"><span class='ocrx_word' id='word_1_188' title='bbox 119 3196 154 3252; x_wconf 61' lang='lat' dir='ltr'>et</span> <span class='ocrx_word' id='word_1_189' title='bbox 177 3191 241 3252; x_wconf 65' lang='grc'>623</span> <span class='ocrx_word' id='word_1_190' title='bbox 376 3285 450 3340; x_wconf 83' lang='grc' dir='ltr'>ποῖον</span> <span class='ocrx_word' id='word_1_191' title='bbox 473 3277 662 3366; x_wconf 81' lang='grc' dir='ltr'>δ’ἀνθμωτοις</span> <span class='ocrx_word' id='word_1_192' title='bbox 685 3277 771 3350; x_wconf 78' lang='grc' dir='ltr'>αὐτὸς</span> <span class='ocrx_word' id='word_1_193' title='bbox 794 3279 883 3343; x_wconf 83' lang='grc' dir='ltr'>ἔνεστι</span> <span class='ocrx_word' id='word_1_194' title='bbox 906 3282 979 3354; x_wconf 73' lang='grc' dir='ltr'>νόος,</span> 
     </span>
     <span class='ocr_line' id='line_1_26' title="bbox 120 3419 1296 3510; baseline 0.003 -25"><span class='ocrx_word' id='word_1_195' title='bbox 120 3436 184 3499; x_wconf 90' lang='lat' dir='ltr'>quo</span> <span class='ocrx_word' id='word_1_196' title='bbox 211 3438 290 3486; x_wconf 92' lang='lat' dir='ltr'>num</span> <span class='ocrx_word' id='word_1_197' title='bbox 317 3424 408 3486; x_wconf 92' lang='lat' dir='ltr'>recte</span> <span class='ocrx_word' id='word_1_198' title='bbox 430 3419 561 3488; x_wconf 88' lang='lat' dir='ltr'>Usener</span> <span class='ocrx_word' id='word_1_199' title='bbox 584 3420 881 3508; x_wconf 82' lang='lat' dir='ltr'>(Altgriechischer</span> <span class='ocrx_word' id='word_1_200' title='bbox 902 3423 1056 3490; x_wconf 84' lang='lat' dir='ltr'>Verebau</span> <span class='ocrx_word' id='word_1_201' title='bbox 1079 3441 1111 3505; x_wconf 88' lang='lat' dir='ltr'>p.</span> <span class='ocrx_word' id='word_1_202' title='bbox 1135 3421 1192 3510; x_wconf 81' lang='lat'>52)</span> <span class='ocrx_word' id='word_1_203' title='bbox 1215 3422 1296 3489; x_wconf 91' lang='lat' dir='ltr'>nihil</span> 
     </span>
     <span class='ocr_line' id='line_1_27' title="bbox 117 3533 1039 3623; baseline 0.004 -23"><span class='ocrx_word' id='word_1_204' title='bbox 117 3533 182 3601; x_wconf 88' lang='lat' dir='ltr'>nisi</span> <span class='ocrx_word' id='word_1_205' title='bbox 207 3536 362 3602; x_wconf 81' lang='lat' dir='ltr'>lacunam</span> <span class='ocrx_word' id='word_1_206' title='bbox 386 3536 513 3618; x_wconf 83' lang='lat' dir='ltr'>expleri</span> <span class='ocrx_word' id='word_1_207' title='bbox 536 3537 741 3605; x_wconf 88' lang='lat' dir='ltr'>contenderit</span> <span class='ocrx_word' id='word_1_208' title='bbox 764 3539 957 3623; x_wconf 83' lang='lat' dir='ltr'>ambiguum</span> <span class='ocrx_word' id='word_1_209' title='bbox 980 3541 1039 3606; x_wconf 88' lang='lat' dir='ltr'>est.</span> 
     </span>
    </p>
   </div>
   <div class='ocr_carea' id='block_1_5' title="bbox 208 3644 1294 3736">
    <p class='ocr_par' dir='ltr' id='par_1_6' title="bbox 208 3644 1294 3736">
     <span class='ocr_line' id='line_1_28' title="bbox 208 3644 1294 3736; baseline 0.002 -18"><span class='ocrx_word' id='word_1_210' title='bbox 208 3644 480 3733; x_wconf 86' lang='lat' dir='ltr'>Contemplemur</span> <span class='ocrx_word' id='word_1_211' title='bbox 513 3651 581 3719; x_wconf 86' lang='lat' dir='ltr'>iarn</span> <span class='ocrx_word' id='word_1_212' title='bbox 604 3672 721 3720; x_wconf 85' lang='lat' dir='ltr'>versus</span> <span class='ocrx_word' id='word_1_213' title='bbox 744 3659 934 3736; x_wconf 85' lang='grc'>441-446,</span> <span class='ocrx_word' id='word_1_214' title='bbox 969 3653 1025 3735; x_wconf 91' lang='lat' dir='ltr'>qui</span> <span class='ocrx_word' id='word_1_215' title='bbox 1058 3653 1093 3719; x_wconf 92' lang='lat' dir='ltr'>in</span> <span class='ocrx_word' id='word_1_216' title='bbox 1128 3652 1294 3720; x_wconf 87' lang='lat' dir='ltr'>codicibus</span> 
     </span>
    </p>
   </div>
   <div class='ocr_carea' id='block_1_6' title="bbox 118 3766 1151 4525">
    <p class='ocr_par' dir='ltr' id='par_1_7' title="bbox 118 3766 1151 4525">
     <span class='ocr_line' id='line_1_29' title="bbox 118 3766 1076 3851; baseline 0.002 -20"><span class='ocrx_word' id='word_1_217' title='bbox 118 3767 152 3831; x_wconf 89' lang='lat' dir='ltr'><strong>A</strong></span> <span class='ocrx_word' id='word_1_218' title='bbox 176 3772 208 3833; x_wconf 88' lang='lat' dir='ltr'>et</span> <span class='ocrx_word' id='word_1_219' title='bbox 231 3766 260 3835; x_wconf 95' lang='lat' dir='ltr'>O</span> <span class='ocrx_word' id='word_1_220' title='bbox 284 3767 433 3849; x_wconf 86' lang='lat' dir='ltr'>paullum</span> <span class='ocrx_word' id='word_1_221' title='bbox 456 3767 621 3834; x_wconf 89' lang='lat' dir='ltr'>immutati</span> <span class='ocrx_word' id='word_1_222' title='bbox 645 3775 721 3851; x_wconf 89' lang='lat' dir='ltr'>post</span> <span class='ocrx_word' id='word_1_223' title='bbox 743 3791 773 3836; x_wconf 85' lang='grc' dir='ltr'>ν.</span> <span class='ocrx_word' id='word_1_224' title='bbox 794 3775 879 3835; x_wconf 79' lang='lat'>1162</span> <span class='ocrx_word' id='word_1_225' title='bbox 902 3769 1076 3836; x_wconf 84' lang='lat' dir='ltr'>iterantur.</span> 
     </span>
     <span class='ocr_line' id='line_1_30' title="bbox 278 3898 1151 3987; baseline -0.002 -21"><span class='ocrx_word' id='word_1_226' title='bbox 278 3899 383 3972; x_wconf 77' lang='grc' dir='ltr'>Οὐδεὶς</span> <span class='ocrx_word' id='word_1_227' title='bbox 404 3901 458 3987; x_wconf 65' lang='grc' dir='ltr'>γάρ</span> <span class='ocrx_word' id='word_1_228' title='bbox 481 3901 561 3964; x_wconf 82' lang='grc' dir='ltr'>πάντ’</span> <span class='ocrx_word' id='word_1_229' title='bbox 588 3899 647 3964; x_wconf 80' lang='grc' dir='ltr'>ἐστὶ</span> <span class='ocrx_word' id='word_1_230' title='bbox 669 3901 834 3987; x_wconf 77' lang='grc' dir='ltr'>πανοθιβιος·</span> <span class='ocrx_word' id='word_1_231' title='bbox 860 3902 945 3965; x_wconf 86' lang='grc' dir='ltr'>ἀλλ’ὀ</span> <span class='ocrx_word' id='word_1_232' title='bbox 969 3898 1020 3986; x_wconf 84' lang='grc' dir='ltr'>μὲν</span> <span class='ocrx_word' id='word_1_233' title='bbox 1046 3900 1151 3972; x_wconf 77' lang='grc' dir='ltr'>ἐσθλὸς</span> 
     </span>
     <span class='ocr_line' id='line_1_31' title="bbox 279 4007 988 4094; baseline 0 -23"><span class='ocrx_word' id='word_1_234' title='bbox 279 4007 373 4091; x_wconf 77' lang='grc' dir='ltr'>τολμᾷ</span> <span class='ocrx_word' id='word_1_235' title='bbox 397 4009 473 4094; x_wconf 78' lang='grc' dir='ltr'>ἔχων</span> <span class='ocrx_word' id='word_1_236' title='bbox 496 4008 529 4071; x_wconf 82' lang='grc' dir='ltr'>τὸ</span> <span class='ocrx_word' id='word_1_237' title='bbox 552 4008 637 4071; x_wconf 85' lang='grc' dir='ltr'>κακὸν</span> <span class='ocrx_word' id='word_1_238' title='bbox 660 4007 729 4072; x_wconf 82' lang='grc' dir='ltr'>κούκ</span> <span class='ocrx_word' id='word_1_239' title='bbox 753 4009 887 4094; x_wconf 76' lang='grc' dir='ltr'>ἐπίδηλος</span> <span class='ocrx_word' id='word_1_240' title='bbox 909 4010 988 4092; x_wconf 78' lang='grc' dir='ltr'>ὅμως</span> 
     </span>
     <span class='ocr_line' id='line_1_32' title="bbox 276 4114 1050 4198; baseline -0.004 -20"><span class='ocrx_word' id='word_1_241' title='bbox 276 4114 370 4185; x_wconf 73' lang='grc' dir='ltr'>δειλὸς</span> <span class='ocrx_word' id='word_1_242' title='bbox 392 4114 478 4178; x_wconf 82' lang='grc' dir='ltr'>δὀὔτ’</span> <span class='ocrx_word' id='word_1_243' title='bbox 504 4115 647 4198; x_wconf 60' lang='grc' dir='ltr'>ἀγαθοῖσιν</span> <span class='ocrx_word' id='word_1_244' title='bbox 671 4114 814 4180; x_wconf 82' lang='grc' dir='ltr'>ἐπίσταται</span> <span class='ocrx_word' id='word_1_245' title='bbox 837 4116 901 4179; x_wconf 80' lang='grc' dir='ltr'>οὔτε</span> <span class='ocrx_word' id='word_1_246' title='bbox 927 4121 1050 4178; x_wconf 84' lang='grc' dir='ltr'>κακοῖσιν</span> 
     </span>
     <span class='ocr_line' id='line_1_33' title="bbox 278 4221 963 4309; baseline 0 -25"><span class='ocrx_word' id='word_1_247' title='bbox 278 4221 370 4304; x_wconf 82' lang='grc' dir='ltr'>θυμὸν</span> <span class='ocrx_word' id='word_1_248' title='bbox 395 4221 471 4309; x_wconf 79' lang='grc' dir='ltr'>ἔχων</span> <span class='ocrx_word' id='word_1_249' title='bbox 495 4223 615 4305; x_wconf 80' lang='grc' dir='ltr'>μίμνειν·</span> <span class='ocrx_word' id='word_1_250' title='bbox 640 4222 793 4285; x_wconf 77' lang='grc' dir='ltr'>ἀθανάτων</span> <span class='ocrx_word' id='word_1_251' title='bbox 816 4221 848 4286; x_wconf 80' lang='grc' dir='ltr'>δὲ</span> <span class='ocrx_word' id='word_1_252' title='bbox 871 4222 963 4294; x_wconf 74' lang='grc' dir='ltr'>δόσεις</span> 
     </span>
     <span class='ocr_line' id='line_1_34' title="bbox 280 4329 1001 4418; baseline 0.001 -27"><span class='ocrx_word' id='word_1_253' title='bbox 280 4335 404 4391; x_wconf 84' lang='grc' dir='ltr'>παντοῖαι</span> <span class='ocrx_word' id='word_1_254' title='bbox 425 4329 568 4412; x_wconf 80' lang='grc' dir='ltr'>θνητοῖσιν</span> <span class='ocrx_word' id='word_1_255' title='bbox 593 4329 752 4418; x_wconf 63' lang='grc' dir='ltr'>ἐπέρχονά·</span> <span class='ocrx_word' id='word_1_256' title='bbox 776 4329 1001 4414; x_wconf 58' lang='lat' dir='ltr'>cruentato</span> 
     </span>
     <span class='ocr_line' id='line_1_35' title="bbox 278 4433 920 4525; baseline 0.002 -27"><span class='ocrx_word' id='word_1_257' title='bbox 278 4435 336 4523; x_wconf 78' lang='grc' dir='ltr'>χρὴ</span> <span class='ocrx_word' id='word_1_258' title='bbox 359 4433 419 4522; x_wconf 69' lang='lat' dir='ltr'>trip</span> <span class='ocrx_word' id='word_1_259' title='bbox 441 4435 607 4514; x_wconf 83' lang='grc' dir='ltr'>ἀθανάτων,</span> <span class='ocrx_word' id='word_1_260' title='bbox 630 4440 674 4501; x_wconf 85' lang='grc' dir='ltr'>οἷα</span> <span class='ocrx_word' id='word_1_261' title='bbox 697 4437 815 4502; x_wconf 75' lang='grc' dir='ltr'>διδοῦσιν</span> <span class='ocrx_word' id='word_1_262' title='bbox 836 4437 920 4525; x_wconf 71' lang='grc' dir='ltr'>ἔχειν.</span> 
     </span>
    </p>
   </div>
   <div class='ocr_carea' id='block_1_7' title="bbox 0 0 1522 4844">
    <p class='ocr_par' dir='ltr' id='par_1_8' title="bbox 0 0 1522 4844">
     <span class='ocr_line' id='line_1_36' title="bbox 0 0 1522 4844; baseline 0 1"><span class='ocrx_word' id='word_1_263' title='bbox 0 0 1522 4844; x_wconf 95' lang='lat' dir='ltr'> </span> 
     </span>
    </p>
   </div>
  </div>
 </body>
</html>
