3036 4844
203 663 616 770 suuuuuuau
662 663 1195 768 CONTROVERSAE

233 886 261 953 Ι.
287 880 371 950 Vell.
397 883 529 948 Patere.
551 884 590 948 Π
614 889 643 966 0,
667 889 685 948 3
713 886 814 951 verba
840 885 873 949 in
899 885 982 949 libro
1012 885 1137 951 tradita
1159 889 1287 952 retineo

286 997 334 1059 sic
357 995 611 1077 interpungens:
642 1017 704 1058 aeon
734 997 897 1061 deterritus
920 1000 1073 1080 proposito
1098 1035 1134 1044 -—
1154 1018 1287 1081 perseve-

284 1109 389 1172 rantie
416 1107 523 1170 slecis!
544 1146 580 1154 —
606 1129 695 1191 quem
723 1113 910 1171 oneriferum
930 1113 1053 1172 miseret
1080 1109 1206 1172 coelitem
1228 1112 1287 1172 m‘c-
1350 1149 1355 1157 ·

286 1228 381 1283 torem
401 1220 519 1302 recepit.

215 1331 264 1395 ΙΙ.
289 1330 376 1394 Ibid.
393 1328 431 1394 II
452 1334 502 1410 17,
527 1333 542 1391 l
568 1328 667 1394 verba
685 1351 717 1411 q.
730 1352 756 1394 s.
779 1331 907 1414 {artemis
930 1331 1079 1393 venenosis
1100 1352 1165 1395 uon
1185 1336 1287 1414 temp·

284 1441 388 1507 tanda
409 1449 499 1522 sunt,
530 1460 604 1503 eum
634 1462 694 1523 pro
720 1461 757 1506 eo
781 1441 871 1522 quod
894 1440 1005 1505 dicere
1031 1447 1163 1524 poterat
1193 1463 1286 1525 qaam

284 1555 397 1638 iateyre'
424 1553 552 1636 latemus
582 1558 698 1616 auctor
726 1551 846 1616 dixerit
876 1573 969 1636 quom
992 1554 1119 1637 inteyris
1134 1555 1288 1617 uteieersis

286 1663 366 1748 (abl.
390 1662 475 1747 abs.)
503 1662 574 1728 scil.
595 1663 753 1727 Romanis
776 1670 809 1728 et
831 1662 967 1728 Italicis,
1016 1662 1191 1746 (Similiter
1221 1663 1287 1727 iam

284 1773 406 1859 Kritz.)

195 1885 261 1950 ΠΙ.
286 1885 414 1949 Iniuria
449 1884 619 1967 Kiessling
657 1883 802 1970 (Wilam.
838 1906 867 1949 a,
899 1884 1009 1949 Klessl.
1046 1885 1128 1948 Pla
1166 1885 1286 1949 Uetera.

287 1996 324 2060 II
346 2019 378 2079 p.
394 2001 435 2060 80
459 1996 556 2060 etad
581 1996 662 2060 Hor.
692 2017 792 2061 carm.
819 1996 836 2060 I
863 1996 916 2080 14)
939 1996 1057 2061 Alcaei
1088 1996 1127 2061 fr.
1148 2001 1187 2060 18
1211 1997 1288 2061 alle·

287 2108 414 2188 goriam
441 2128 513 2171 esse
537 2112 638 2188 negat
658 2107 889 2189 immeritoque
911 2105 1119 2172 Heraclitum
1142 2108 1287 2190 ineptiae

285 2218 464 2284 insimulat.

199 2328 261 2397 IV.
284 2327 431 2410 'Iheogn
449 2330 512 2392 483
544 2327 651 2391 scribo
680 2326 716 2390 τό
740 2328 815 2411 πρὶν
838 2327 899 2392 ἐών
927 2327 1071 2414 utrimque,
1101 2325 1165 2394 ὅτε
1199 2331 1287 2415 (cum

286 2438 358 2503 cod.
382 2445 419 2519 0)
441 2437 630 2524 νήφαλος.

220 2549 265 2616 V.
287 2549 434 2632 Theogn.
451 2552 514 2612 806
537 2550 703 2631 scriptura
733 2550 858 2615 tradita
887 2549 946 2637 χρή
970 2556 1042 2632 μέν,
1074 2551 1128 2616 ubi
1155 2557 1213 2633 μέν
1236 2556 1286 2615 est

284 2659 500 2742 prolecto,
519 2659 694 2726 retinenda
709 2667 769 2725 est.
807 2659 857 2727 of.
875 2660 973 2728 Hom.
992 2660 1026 2725 A
1045 2665 1106 2726 alo
1125 2668 1158 2726 et
1175 2662 1192 2725 Ι
1211 2665 1285 2725 309.

194 2771 255 2839 VI.
281 2769 406 2836 Versui
429 2769 631 2856 Theognidis
655 2777 913 2857 corrupt01249
937 2794 1052 2838 sensus
1072 2773 1126 2837 hic
1150 2773 1285 2838 subesse

285 2883 430 2947 videtur:
463 2882 632 2968 Postquam
652 2884 696 2948 od
712 2905 854 2969 praesepe
881 2886 994 2948 alites
1017 2888 1148 2948 saltatus
1169 2905 1215 2969 ec,
1244 2885 1286 2948 ud

284 3000 390 3058 aestro
417 2993 498 3056 redis
527 2994 657 3058 stabula.
703 2995 859 3078 Propono
882 2997 983 3080 igItur
1005 2995 1146 3079 exempli
1170 3017 1285 3061 causa:

287 3116 358 3180 ΙΙαῖ,
375 3105 411 3168 σύ
428 3105 486 3186 μὲν
503 3104 681 3169 ἄλλοθεν
697 3104 799 3181 ἵππος
815 3104 885 3170 ἐπεὶ
901 3113 1021 3189 κριθῶν
1041 3105 1208 3193 {nomam
1228 3107 1285 3191 (cl.

285 3240 313 3280 v.
334 3219 439 3301 raca).

183 3327 262 3393 VII.
287 3325 426 3390 Theocr.
449 3347 476 3390 c.
497 3325 572 3388 XX
592 3347 642 3392 vv.
661 3330 679 3388 I
699 3333 733 3390 et
753 3331 773 3389 8
794 3326 984 3409 interpolati
1003 3337 1089 3395 sunt.

160 3438 262 3503 VIII.
285 3436 387 3500 Falso
405 3434 563 3500 Knhnert
580 3437 613 3498 in
630 3436 792 3501 Rosclieri
812 3437 887 3502 Len.
907 3439 936 3503 d.
954 3439 1052 3522 Myra.
1072 3462 1103 3522 p.
1118 3444 1200 3504 1670
1212 3461 1284 3523 sqq.

286 3547 444 3630 imagines
475 3546 621 3629 'Iyphoei
651 3536 912 3630 antiquissimam
944 3551 1113 3632 gigantum
1146 3550 1285 3614 sormam

285 3658 529 3739 interpretatur.
