3030 4846
650 323 861 383 „20-

166 515 297 581 videtur
326 515 425 581 fictus
456 537 536 581 esse.
579 516 732 582 Fuerunt
762 516 848 581 enim
878 517 934 600 qui
963 537 1062 600 quam
1083 517 1226 600 plurima
1246 538 1342 602 prae-

167 633 264 709 cepta
288 627 469 709 sapientiae
493 632 526 692 et
548 648 694 709 gnomas,
718 647 782 710 quo
806 628 962 692 maiorem
985 629 1219 694 anctoritatem
1240 629 1343 694 habe·

166 744 250 816 rent,
274 736 318 803 ad
341 735 568 820 Theognidem
590 739 711 803 referre
729 737 910 818 studerent,
934 736 968 801 id
984 739 1073 821 quod
1091 738 1234 805 disticho
1255 761 1345 806 com·

165 849 288 932 plendo
316 855 350 912 et
380 849 510 913 nomine
540 847 640 933 Cyrni
670 849 822 914 addendo
853 848 950 913 facile
979 849 1065 915 effici
1094 856 1236 933 poterat.
1288 851 1345 916 Ita

167 982 236 1025 rem
255 968 362 1024 actam
385 980 456 1025 0000
480 959 608 1025 Usener
621 962 646 1043 1)
670 960 750 1023 mihi
769 959 940 1042 persuasit.

253 1070 320 1138 Sed
342 1072 408 1137 iam
430 1070 674 1134 subsistendum
698 1077 758 1135 est.
803 1069 838 1136 Si
859 1075 947 1135 reete
970 1092 1038 1137 rem
1065 1071 1224 1152 intelligo,
1249 1079 1346 1157 quat·

167 1189 242 1248 11101
276 1189 352 1247 011111
385 1203 507 1262 genera
541 1165 806 1262 monelegiornm.
863 1181 1012 1245 Primum
1044 1189 1095 1246 est
1128 1182 1347 1248 distichorum

168 1314 289 1372 eorum,
321 1314 406 1375 quae
439 1313 504 1356 non
540 1292 675 1356 consilio
706 1300 878 1374 excerpta,
909 1291 967 1355 sed
999 1311 1076 1356 casu
1106 1299 1139 1357 et
1168 1295 1348 1378 iniquitate

168 1409 353 1486 temporum
375 1404 417 1467 ab
441 1401 640 1467 carminibus
663 1403 742 1466 totis
762 1402 900 1485 abrepta
927 1410 1058 1468 suntet
1080 1405 1150 1469 sola
1173 1405 1212 1469 de
1235 1405 1349 1488 elegiis

169 1521 415 1594 remanserunt,
465 1513 676 1597 quamobrem
716 1514 858 1594 genuina
893 1512 1072 1579 iudicanda
1111 1521 1197 1580 011111.
1269 1515 1351 1582 Ηο0

169 1626 256 1691 valet
284 1626 442 1710 imprimis
478 1626 511 1688 in
540 1646 580 1688 ea
612 1646 750 1707 quorum
782 1623 930 1689 condicio
959 1645 1024 1689 non
1056 1645 1096 1689 ea
1127 1627 1258 1710 integra
1289 1628 1352 1693 sed

170 1736 314 1802 frustula
338 1757 409 1801 esse
434 1738 565 1801 evincat
586 1742 624 1800 ut
646 1735 798 1818 299130οε

315 1870 419 1950 οὐδεὶς
440 1872 478 1959 δή
499 1866 696 1956 01ος01101,
721 1870 801 1957 ἐπήν
819 1872 912 1935 κακὸν
936 1869 1027 1957 dodoi
1048 1876 1179 1957 γένηται,

375 1981 441 2049 οὐδ’
465 1977 490 2068 qi
513 1982 575 2046 κ’ὲκ
597 1981 737 2067 γαστρός,
758 1983 867 2067 Κύρνε,
890 1989 966 2068 μιῆς
986 1981 1098 2066 γεγόνῃ
1109 1982 1143 2064 ²).

172 2121 232 2188 Vv.
257 2124 372 2200 538140
395 2141 435 2184 ex
458 2121 602 2184 carmine
625 2120 750 2183 maiore
780 2141 851 2184 esse
874 2139 970 2183 nemo
993 2139 1061 2183 non
1089 2117 1189 2184 videt.
1242 2119 1353 2186 Porro

170 2254 218 2297 vv.
243 2235 370 2313 819120,
397 2233 501 2312 37112,
532 2232 625 2306 65516
649 2229 784 2292 00001110
809 2236 957 2293 extracta
979 2250 1050 2294 esse
1072 2235 1252 2312 nequeunt,
1277 2250 1354 2294 cum

171 2364 224 2408 res
244 2342 437 2407 contineant
456 2341 498 2404 ad
515 2361 687 2423 personam
708 2338 909 2422 Theognidis
932 2340 1035 2406 solam
1049 2341 1263 2425 pertinentes,
1284 2360 1355 2406 non

172 2474 304 2518 sensum
335 2453 520 2533 generalem
551 2450 710 2529 habeant,
745 2455 881 2532 propter
912 2472 1007 2534 quem
1036 2470 1212 2534 excerpere
1243 2452 1355 2516 cuius·

174 2585 272 2647 quam
294 2565 453 2627 interesse
477 2569 618 2645 poterat.
665 2561 767 2625 Porro
791 2582 831 2625 ea
852 2560 1005 2642 disticha,
1035 2563 1070 2626 in
1093 2561 1214 2645 quibus
1235 2582 1356 2628 vocum

174 2698 257 2759 quae
274 2681 349 2738 sunt
363 2672 465 2749 κακός,
481 2670 612 2756 ἀγαθός,
630 2671 754 2747 ἐσθλός,
778 2670 881 2747 δειλός
900 2673 948 2748 vis
964 2677 1002 2737 111
1020 2673 1068 2737 110
1086 2673 1194 2737 dicam
1214 2671 1357 2753 politica

175 2793 289 2870 aperte
311 2785 531 2867 conspicitur,
564 2789 704 2867 apparet
727 2803 792 2847 non
816 2785 849 2847 in
880 2805 974 2848 usum
1006 2804 1209 2848 communem
1232 2784 1358 2850 civium

175 2898 225 2963 vel
256 2897 491 2978 discipulorum
522 2917 618 2978 posse
651 2895 692 2959 ab
721 2894 919 2958 Atheniensi
951 2895 1095 2978 quodam
1121 2894 1163 2958 ad
1193 2894 1359 2978 syllogam

171 3007 444 3092 compingendam
467 3007 641 3090 desumpta
664 3027 745 3070 esse.
792 3004 858 3089 Qui
882 3007 969 3069 enim
998 3006 1055 3069 ille
1086 3026 1209 3086 versus,
1233 3005 1358 3089 quibus

172 3141 283 3185 omnes
306 3120 445 3183 virtutes
472 3120 507 3181 in
534 3117 700 3183 nobilibus
731 3117 808 3180 solis
831 3118 957 3199 positas
979 3115 1118 3197 dicatur,
1149 3114 1273 3181 civibus
1297 3139 1359 3201 po·

174 3229 344 3312 pularibus
361 3237 398 3292 ut
413 3229 529 3311 plenos
546 3248 692 3291 summae
709 3227 892 3308 sapientiae
908 3224 1138 3291 commendare
1159 3234 1293 3309 poterat
1305 3228 1363 3308 ³)?

261 3442 284 3506 ¹)
302 3439 441 3506 Jahrbf.
460 3438 541 3493 111000.
560 3437 634 3492 Phil.
656 3438 723 3490 1878
740 3454 767 3505 p.
786 3439 827 3490 70.

258 3525 582 3594 1)111111111011111110111101
602 3523 770 3576 coniecturis
788 3522 956 3575 sententiam
983 3527 1011 3576 et
1035 3524 1193 3577 orationem
1217 3523 1362 3593 integram

174 3612 320 3666 restituere
339 3611 431 3664 conati
449 3613 522 3662 sunt.
558 3609 602 3662 De
620 3608 718 3661 formis
736 3608 838 3662 doricis
857 3624 925 3675 ques
943 3608 1038 3678 Bergk
1055 3609 1158 3662 iniuria
1177 3608 1363 3667 introducere

173 3698 294 3764 studuit,
318 3700 395 3750 recte
416 3695 553 3748 iudicavit
578 3694 687 3747 Glemm
711 3693 809 3747 Jahrb.
831 3693 855 3760 f.
879 3693 960 3748 blase.
986 3693 1061 3749 Phil.
1087 3695 1154 3747 1883
1177 3712 1203 3763 p.
1229 3698 1306 3764 tlsq.
1326 3727 1363 3738 -

177 3783 307 3838 Ceterum
326 3781 361 3834 de
382 3799 425 3834 vv.
444 3781 479 3834 cl.
498 3798 526 3849 p.
544 3781 578 3832 63
597 3796 656 3847 sqq.

259 3868 281 3935 ³)
301 3866 347 3921 hle
374 3865 488 3934 quidem
511 3865 604 3918 iudice
627 3865 689 3918 luce
708 3864 809 3917 clarius
828 3868 869 3917 001
888 3864 963 3932 apud
981 3863 1174 3934 Theognidem
1198 3864 1356 3933 genuinum

172 3950 375 4020 1000οἁ10861
393 3955 422 4004 01
440 3947 539 4004 ἐσθλός
557 3950 591 4003 de
609 3950 759 4014 nobilibus,
784 3950 862 4003 aanor
881 3955 909 4001 et
927 3945 1012 4002 δειλός
1030 3949 1065 4002 (10
1083 3950 1202 4019 plebeiis
1220 3948 1278 4003 fere
1298 3952 1366 4007 ubi-

173 4054 227 4106 que
245 4037 381 4106 ueurpari.
417 4036 565 4089 Factiones
582 4035 625 4088 his
643 4036 736 4089 verbis
755 4033 955 4103 significantur,
975 4039 1008 4088 ut
1025 4036 1101 4103 apud
1113 4039 1255 4089 auctorem
1268 4035 1364 4093 libelli

174 4123 340 4178 decivitate
357 4122 572 4175 Atheniensium
590 4121 650 4175 ficri
669 4119 802 4184 videmus,
822 4119 887 4185 quia
905 4118 1054 4188 oligarohis
1074 4121 1151 4174 notio
1171 4120 1311 4175 nobilium
1332 4127 1364 4179 01

173 4209 311 4264 bonorum
334 4209 362 4262 in
387 4225 472 4261 unum
491 4205 630 4261 confluere
647 4205 803 4259 videbatur.
841 4204 903 4258 Non
922 4205 962 4258 ita
980 4211 1074 4259 tamen
1096 4223 1140 4258 res
1163 4206 1307 4272 sehabet,
1327 4212 1362 4264 111

174 4293 315 4366 Theognis
332 4294 473 4348 neminem
491 4292 526 4345 de
543 4292 660 4360 plebeiis
679 4291 760 4344 bonis
778 4290 901 4343 moribus
921 4307 979 4344 esse
1005 4307 1086 4360 posse
1111 4291 1270 4346 crediderit.
1309 4292 1367 4350 Vin
