3036 4844
650 319 861 380 ..20-

165 511 297 578 videtur
326 511 425 576 fictus
456 533 536 577 esse.
579 512 732 578 Fuerunt
762 513 848 577 enim
878 514 935 597 qui
964 534 1062 597 quam
1083 513 1226 597 plurima
1246 535 1341 597 prae-

166 629 264 706 cepta
288 623 470 705 sapientiae
493 630 526 688 et
548 644 695 706 gnomas,
719 643 783 706 quo
806 624 962 688 maiorem
985 626 1220 691 auctoritatem
1241 625 1341 691 habe-

167 742 249 813 rent,
275 733 319 798 ad
342 732 568 818 Theognidem
590 734 710 800 referre
729 735 910 814 studerent,
934 734 969 798 id
984 736 1074 817 quod
1092 736 1235 802 disticho
1256 758 1343 802 oom-

166 845 288 929 plendo
317 851 350 909 et
380 846 510 910 nomine
540 844 639 930 Oymi
670 845 823 910 addendo
852 844 951 910 facile
979 845 1065 911 effici
1094 853 1236 930 poterat.
1289 848 1343 912 Ita

167 979 236 1022 rem
255 964 362 1022 aotam
386 977 456 1021 esse
481 956 608 1022 Usener
622 959 646 1040 ¹)
669 957 750 1020 mihi
769 957 941 1039 persuasit.

253 1067 320 1134 Sed
342 1069 408 1132 iam
431 1067 674 1132 subsistendum
698 1075 758 1132 est.
803 1066 839 1132 Si
859 1072 947 1132 recte
970 1088 1038 1133 rem
1066 1068 1225 1148 intelligo,
1250 1076 1343 1153 qnat-

167 1186 242 1245 tuor
276 1185 352 1243 sunt
385 1200 507 1259 genera
541 1162 806 1259 monelegiorum.
864 1177 1013 1242 Primum
1045 1185 1095 1244 est
1128 1180 1343 1245 distichorum

167 1311 289 1369 eorum,
321 1311 406 1373 quae
439 1311 503 1353 non
540 1288 675 1352 oonsilio
706 1296 878 1371 excerpta,
910 1287 968 1352 sed
999 1308 1077 1353 casu
1107 1296 1140 1354 et
1169 1291 1344 1375 iniquitate

168 1407 352 1483 temporum
375 1400 417 1463 ab
441 1399 640 1464 carminibus
663 1399 742 1463 totis
761 1398 900 1481 abrepta
927 1410 1002 1464 sunt
1025 1407 1059 1466 et
1080 1402 1151 1466 sola
1173 1402 1213 1466 de
1236 1402 1345 1486 elegiis

169 1516 415 1591 remanserunt,
465 1510 676 1594 quamobrem
716 1510 859 1590 genuina
894 1509 1072 1576 iudicanda
1112 1518 1198 1577 sunt.
1270 1512 1346 1578 Hoc

168 1623 256 1688 valet
284 1622 442 1706 imprimis
478 1623 511 1685 in
540 1643 580 1686 ea
612 1642 751 1704 quorum
782 1620 930 1686 condicio
960 1641 1025 1687 non
1057 1643 1097 1687 ea
1127 1623 1259 1706 integra
1289 1625 1347 1690 sed

169 1733 314 1799 frustula
338 1753 409 1798 esse
433 1735 565 1798 evincat
586 1740 624 1796 55
646 1734 799 1816 299130οε

316 1867 419 1947 οὐδεὶς
440 1870 478 1956 δή
499 1872 592 1954 φίλος
609 1863 696 1946 εἶναι,
721 1867 801 1956 ἐπήν
819 1869 913 1933 κακόν
936 1865 1027 1954 515551
1049 1873 1180 1954 γένηται,

376 1978 441 2046 οὐδ’
465 1974 491 2066 ql
514 1980 576 2044 κ’ἑκ
597 1980 738 2066 γαστρός,
759 1981 868 2064 Κύρνε,
891 1986 967 2066 μιῆς
987 1978 1099 2064 γεγόνῃ
1110 1980 1143 2062 2).

171 2118 232 2184 Vv.
257 2121 371 2198 539140
395 2139 435 2181 ex
458 2119 603 2181 carmine
625 2118 750 2180 maiore
780 2139 851 2182 esse
874 2138 971 2181 nemo
993 2137 1061 2180 non
1090 2114 1189 2183 videt.
1242 2116 1348 2182 Porro

170 2252 218 2294 vv.
243 2231 369 2310 819120,
397 2230 500 2308 ewa,
531 2230 625 2303 65516
648 2226 784 2290 consilio
809 2233 957 2291 extracta
979 2247 1051 2291 esse
1073 2232 1253 2310 nequeunt,
1277 2248 1349 2290 oum

170 2361 224 2404 res
244 2339 436 2404 contineant
456 2338 497 2401 ad
514 2357 688 2419 personam
708 2334 910 2418 Theognidis
932 2337 1036 2402 solam
1050 2338 1263 2422 pertinentes,
1285 2358 1351 2401 non

172 2471 303 2515 sensum
334 2449 520 2531 generalem
550 2447 710 2525 habeant,
746 2453 881 2529 propter
912 2469 1008 2531 quem
1037 2468 1213 2530 excerpere
1244 2449 1351 2512 ouius·

173 2582 272 2644 quam
294 2561 453 2625 interesse
476 2565 618 2642 poterat.
665 2558 767 2621 Porro
791 2578 831 2621 ea
853 2557 1005 2639 disticha,
1036 2560 1071 2623 in
1094 2560 1215 2643 quibus
1235 2580 1353 2623 vocum

173 2694 257 2755 quae
273 2678 349 2736 sunt
363 2668 465 2746 κακός,
481 2667 612 2753 ἀγαθός,
630 2667 754 2744 ἐσθλός,
778 2667 881 2744 δειλός
900 2669 948 2732 vis
965 2676 1002 2733 ut
1020 2670 1069 2734 ita
1086 2669 1195 2734 dicam
1215 2669 1353 2752 politica

175 2790 289 2867 aperte
311 2782 532 2864 conspicitur,
564 2784 705 2863 apparet
727 2800 792 2843 non
817 2780 849 2843 in
881 2801 975 2844 usum
1007 2800 1211 2845 communem
1233 2782 1353 2845 civium

175 2895 226 2961 vel
257 2895 492 2976 discipulorum
522 2913 619 2974 posse
651 2890 693 2954 ab
721 2891 919 2954 Atheniensi
952 2891 1095 2974 quodam
1122 2892 1163 2955 ad
1195 2892 1354 2975 syllogam

172 3004 445 3089 compingendam
468 3004 642 3086 desumpta
664 3022 746 3066 esse.
793 3001 857 3086 Qui
883 3004 970 3066 enim
999 3002 1056 3066 ille
1087 3024 1209 3083 versus,
1235 3003 1354 3086 quibus

172 3138 284 3182 omnes
307 3117 446 3181 virtutes
474 3116 508 3177 in
535 3112 701 3179 nobilibus
732 3113 809 3176 solis
831 3115 958 3196 positas
980 3114 1118 3193 dicatur,
1150 3113 1274 3177 civibus
1297 3134 1354 3197 po·

174 3226 345 3309 pularibus
361 3235 399 3290 ut
413 3226 530 3309 plenos
547 3244 693 3288 summae
710 3224 892 3306 sapientiae
909 3223 1138 3289 commendare
1160 3230 1293 3305 poterat
1304 3223 1357 3304 ⁸)?

261 3438 284 3503 ¹)
302 3435 441 3502 Jahrhf.
460 3434 541 3488 15555.
561 3434 634 3489 Pau.
656 3435 723 3487 1878
741 3450 767 3501 p.
786 3436 827 3487 70.

257 3522 281 3591 ⁹)
299 3521 474 3595 Quamquam
492 3521 582 3575 critici
602 3520 770 3573 coniecturis
789 3519 957 3573 sententiam
984 3522 1012 3572 et
1036 3520 1193 3574 orationem
1218 3520 1356 3589 integram

174 3609 320 3663 restituere
339 3607 431 3661 conati
449 3609 522 3660 5555.
558 3605 602 3659 De
620 3605 718 3659 formis
737 3604 839 3659 doricis
857 3621 926 3673 quas
944 3605 1039 3674 Bergk
1057 3605 1158 3659 iniuria
1177 3606 1358 3661 introducere

174 3694 294 3761 studuit,
318 3697 395 3747 recte
416 3691 553 3745 iudicavit
578 3691 687 3744 Glemm
711 3690 809 3745 Jahrb.
832 3691 856 3758 f.
880 3690 961 3746 klcsa
987 3691 1062 3746 Pbc'l.
1088 3692 1155 3744 1883
1178 3709 1204 3759 p.
1230 3695 1305 3760 9sq.
1324 3721 1358 3733 -

177 3781 307 3835 Getarum
326 3779 361 3832 de
382 3795 425 3831 vv.
444 3777 479 3830 cl.
498 3795 526 3845 p.
545 3777 579 3829 63
597 3793 656 3844 sqq.

258 3865 282 3933 ³)
301 3863 347 3918 lie
374 3862 488 3932 quidam
511 3861 604 3915 iudice
628 3863 690 3914 luce
708 3861 810 3914 clarius
828 3865 871 3914 est
889 3860 963 3929 apud
982 3859 1174 3930 Theognidem
1199 3862 1352 3930 genuinum

173 3967 253 4005 voces
270 3948 375 4018 ἀγαθός
393 3952 422 4003 55
440 3945 539 4000 ἐσθλός
557 3947 592 3999 55
610 3947 760 4011 nobilibus,
785 3947 863 3999 aanor
882 3952 910 3999 et
928 3941 1013 3998 δειλός
1032 3944 1066 3998 55
1084 3946 1203 4015 plebeiis
1221 3946 1279 4001 iere
1298 3947 1360 4001 ubi-

173 4053 227 4104 que
245 4035 382 4104 usurpari.
418 4032 565 4086 Factiones
583 4031 626 4084 his
644 4032 737 4086 verbis
756 4029 956 4100 significantur,
976 4034 1010 4084 ut
1026 4030 1102 4098 apud
1114 4034 1256 4085 auctorem
1269 4032 1358 4086 libelli

174 4121 210 4174 de
228 4120 341 4173 civitate
359 4118 573 4172 Atheniensium
591 4117 651 4171 fieri
670 4115 803 4180 videmus,
823 4114 888 4181 quia
905 4114 1056 4184 oligarchis
1075 4117 1153 4170 notio
1172 4117 1310 4170 nobilium
1330 4121 1359 4171 et

173 4207 312 4260 bonorum
334 4207 363 4258 in
387 4221 473 4257 unum
491 4201 630 4257 confluere
648 4201 804 4255 videbatur.
842 4199 905 4253 Non
923 4200 963 4253 ita
981 4205 1076 4255 tamen
1097 4218 1141 4254 res
1164 4202 1306 4267 sehabet,
1325 4206 1357 4257 55

175 4290 315 4360 Theognis
332 4290 474 4345 neminem
492 4287 527 4342 de
544 4287 661 4357 plebeiis
680 4286 761 4339 bonis
779 4286 902 4338 moribus
922 4302 980 4340 5555
1006 4302 1087 4355 porse
1112 4286 1271 4342 crediderit.
1308 4287 1360 4343 vi·
