<?xml version="1.0" encoding="UTF-8"?>
<!DOCTYPE html PUBLIC "-//W3C//DTD XHTML 1.0 Transitional//EN"
    "http://www.w3.org/TR/xhtml1/DTD/xhtml1-transitional.dtd">
<html xmlns="http://www.w3.org/1999/xhtml" xml:lang="en" lang="en">
 <head>
  <title>
</title>
<meta http-equiv="Content-Type" content="text/html;charset=utf-8" />
  <meta name='ocr-system' content='tesseract 3.04.00' />
  <meta name='ocr-capabilities' content='ocr_page ocr_carea ocr_par ocr_line ocrx_word'/>
</head>
<body>
  <div class='ocr_page' id='page_1' title='image "./studiatheognide00lucagoog_0127.png"; bbox 0 0 3036 4844; ppageno 0'>
   <div class='ocr_carea' id='block_1_1' title="bbox 651 261 872 321">
    <p class='ocr_par' dir='ltr' id='par_1_1' title="bbox 651 261 872 321">
     <span class='ocr_line' id='line_1_1' title="bbox 651 261 872 321; baseline 0.005 -18"><span class='ocrx_word' id='word_1_1' title='bbox 651 261 872 321; x_wconf 67' lang='grc'>..20-</span> 
     </span>
    </p>
   </div>
   <div class='ocr_carea' id='block_1_2' title="bbox 171 450 1349 2306">
    <p class='ocr_par' dir='ltr' id='par_1_2' title="bbox 175 450 1349 767">
     <span class='ocr_line' id='line_1_2' title="bbox 176 450 1349 536; baseline 0.003 -20"><span class='ocrx_word' id='word_1_2' title='bbox 176 470 219 516; x_wconf 90' lang='lat' dir='ltr'>an</span> <span class='ocrx_word' id='word_1_3' title='bbox 246 451 423 536; x_wconf 74' lang='grc' dir='ltr'>καταδήσεαι</span> <span class='ocrx_word' id='word_1_4' title='bbox 449 450 484 517; x_wconf 91' lang='lat' dir='ltr'>id</span> <span class='ocrx_word' id='word_1_5' title='bbox 515 451 601 533; x_wconf 87' lang='lat' dir='ltr'>quod</span> <span class='ocrx_word' id='word_1_6' title='bbox 630 452 669 520; x_wconf 94' lang='lat' dir='ltr'>O.</span> <span class='ocrx_word' id='word_1_7' title='bbox 694 451 858 536; x_wconf 83' lang='lat' dir='ltr'>Orueger¹</span> <span class='ocrx_word' id='word_1_8' title='bbox 884 453 1004 534; x_wconf 73' lang='lat' dir='ltr'>voluit,</span> <span class='ocrx_word' id='word_1_9' title='bbox 1038 453 1275 530; x_wconf 87' lang='lat' dir='ltr'>restituendum</span> <span class='ocrx_word' id='word_1_10' title='bbox 1305 453 1349 519; x_wconf 90' lang='lat' dir='ltr'>sit</span> 
     </span>
     <span class='ocr_line' id='line_1_3' title="bbox 177 567 1349 648; baseline 0.001 -15"><span class='ocrx_word' id='word_1_11' title='bbox 177 567 312 633; x_wconf 89' lang='lat' dir='ltr'>dubium</span> <span class='ocrx_word' id='word_1_12' title='bbox 336 571 401 648; x_wconf 83' lang='lat' dir='ltr'>est3</span> <span class='ocrx_word' id='word_1_13' title='bbox 426 571 515 632; x_wconf 86' lang='lat' dir='ltr'>certo</span> <span class='ocrx_word' id='word_1_14' title='bbox 537 567 620 634; x_wconf 92' lang='lat' dir='ltr'>illud</span> <span class='ocrx_word' id='word_1_15' title='bbox 642 567 677 632; x_wconf 94' lang='lat' dir='ltr'>in</span> <span class='ocrx_word' id='word_1_16' title='bbox 700 568 918 635; x_wconf 83' lang='lat' dir='ltr'>deterioribus</span> <span class='ocrx_word' id='word_1_17' title='bbox 942 568 1110 635; x_wconf 77' lang='lat' dir='ltr'>codicibus</span> <span class='ocrx_word' id='word_1_18' title='bbox 1127 587 1144 633; x_wconf 89' lang='lat' dir='ltr'>e</span> <span class='ocrx_word' id='word_1_19' title='bbox 1161 568 1349 635; x_wconf 86' lang='lat' dir='ltr'>coniectura</span> 
     </span>
     <span class='ocr_line' id='line_1_4' title="bbox 175 682 1039 767; baseline -0.001 -17"><span class='ocrx_word' id='word_1_20' title='bbox 175 682 335 764; x_wconf 89' lang='lat' dir='ltr'>scriptum</span> <span class='ocrx_word' id='word_1_21' title='bbox 359 687 419 748; x_wconf 90' lang='lat' dir='ltr'>est.</span> <span class='ocrx_word' id='word_1_22' title='bbox 465 682 657 765; x_wconf 87' lang='lat' dir='ltr'>Legendum</span> <span class='ocrx_word' id='word_1_23' title='bbox 680 683 855 767; x_wconf 84' lang='lat' dir='ltr'>igiturest</span> <span class='ocrx_word' id='word_1_24' title='bbox 878 684 1039 752; x_wconf 75' lang='lat' dir='ltr'><strong>distichon</strong></span> 
     </span>
    </p>

    <p class='ocr_par' dir='ltr' id='par_1_3' title="bbox 389 806 1078 895">
     <span class='ocr_line' id='line_1_5' title="bbox 389 806 1078 895; baseline 0.001 -25"><span class='ocrx_word' id='word_1_25' title='bbox 389 806 490 870; x_wconf 78' lang='grc' dir='ltr'>οὐδένα</span> <span class='ocrx_word' id='word_1_26' title='bbox 511 808 656 895; x_wconf 82' lang='grc' dir='ltr'>δησαορύν</span> <span class='ocrx_word' id='word_1_27' title='bbox 680 808 771 872; x_wconf 81' lang='grc' dir='ltr'>παισίν</span> <span class='ocrx_word' id='word_1_28' title='bbox 793 809 948 895; x_wconf 76' lang='grc' dir='ltr'>καταδήσρ</span> <span class='ocrx_word' id='word_1_29' title='bbox 972 810 1078 892; x_wconf 80' lang='grc' dir='ltr'>ἀμείνω</span> 
     </span>
    </p>

    <p class='ocr_par' dir='ltr' id='par_1_4' title="bbox 173 913 1349 1486">
     <span class='ocr_line' id='line_1_6' title="bbox 389 913 1100 1003; baseline 0 -27"><span class='ocrx_word' id='word_1_30' title='bbox 389 913 492 991; x_wconf 77' lang='grc' dir='ltr'>αἰδοῦς,</span> <span class='ocrx_word' id='word_1_31' title='bbox 514 916 560 999; x_wconf 84' lang='grc' dir='ltr'>ἥτ’</span> <span class='ocrx_word' id='word_1_32' title='bbox 586 915 702 999; x_wconf 71' lang='grc' dir='ltr'>ἀραδοῖς</span> <span class='ocrx_word' id='word_1_33' title='bbox 725 915 851 1002; x_wconf 77' lang='grc' dir='ltr'><strong>ἀνδράσι,</strong></span> <span class='ocrx_word' id='word_1_34' title='bbox 873 914 973 1003; x_wconf 84' lang='grc' dir='ltr'>Κύρν’,</span> <span class='ocrx_word' id='word_1_35' title='bbox 997 916 1100 979; x_wconf 82' lang='grc' dir='ltr'>ἕπεται.</span> 
     </span>
     <span class='ocr_line' id='line_1_7' title="bbox 174 1041 1348 1131; baseline -0.001 -17"><span class='ocrx_word' id='word_1_36' title='bbox 174 1048 238 1115; x_wconf 90' lang='lat' dir='ltr'>His</span> <span class='ocrx_word' id='word_1_37' title='bbox 261 1041 372 1114; x_wconf 90' lang='lat' dir='ltr'>verbis</span> <span class='ocrx_word' id='word_1_38' title='bbox 406 1053 619 1131; x_wconf 86' lang='lat' dir='ltr'>pracceptum</span> <span class='ocrx_word' id='word_1_39' title='bbox 654 1048 812 1131; x_wconf 90' lang='lat' dir='ltr'>optimum</span> <span class='ocrx_word' id='word_1_40' title='bbox 847 1049 1039 1116; x_wconf 79' lang='lat' dir='ltr'>continetur.</span> <span class='ocrx_word' id='word_1_41' title='bbox 1098 1048 1348 1116; x_wconf 85' lang='lat' dir='ltr'>Substantivum</span> 
     </span>
     <span class='ocr_line' id='line_1_8' title="bbox 175 1163 1349 1247; baseline 0.003 -18"><span class='ocrx_word' id='word_1_42' title='bbox 175 1168 285 1230; x_wconf 87' lang='lat' dir='ltr'>autem</span> <span class='ocrx_word' id='word_1_43' title='bbox 310 1163 410 1239; x_wconf 73' lang='grc' dir='ltr'>αἰδώς,</span> <span class='ocrx_word' id='word_1_44' title='bbox 440 1165 526 1246; x_wconf 92' lang='lat' dir='ltr'>quod</span> <span class='ocrx_word' id='word_1_45' title='bbox 554 1183 654 1244; x_wconf 89' lang='lat' dir='ltr'>quam</span> <span class='ocrx_word' id='word_1_46' title='bbox 681 1164 784 1231; x_wconf 83' lang='lat' dir='ltr'>variis</span> <span class='ocrx_word' id='word_1_47' title='bbox 811 1165 998 1231; x_wconf 88' lang='lat' dir='ltr'>notionibus</span> <span class='ocrx_word' id='word_1_48' title='bbox 1029 1183 1050 1230; x_wconf 88' lang='lat' dir='ltr'>a</span> <span class='ocrx_word' id='word_1_49' title='bbox 1077 1164 1183 1247; x_wconf 87' lang='lat' dir='ltr'>poetis</span> <span class='ocrx_word' id='word_1_50' title='bbox 1208 1164 1349 1232; x_wconf 83' lang='lat' dir='ltr'>Graecis</span> 
     </span>
     <span class='ocr_line' id='line_1_9' title="bbox 174 1279 1349 1362; baseline 0.002 -16"><span class='ocrx_word' id='word_1_51' title='bbox 174 1282 370 1361; x_wconf 87' lang='lat' dir='ltr'>usurpatum</span> <span class='ocrx_word' id='word_1_52' title='bbox 398 1279 442 1346; x_wconf 90' lang='lat' dir='ltr'>sit</span> <span class='ocrx_word' id='word_1_53' title='bbox 468 1279 656 1346; x_wconf 85' lang='lat' dir='ltr'>testimonio</span> <span class='ocrx_word' id='word_1_54' title='bbox 691 1298 763 1346; x_wconf 90' lang='lat' dir='ltr'>esse</span> <span class='ocrx_word' id='word_1_55' title='bbox 797 1284 936 1362; x_wconf 82' lang='lat' dir='ltr'>possunt</span> <span class='ocrx_word' id='word_1_56' title='bbox 963 1280 1101 1346; x_wconf 77' lang='lat' dir='ltr'>Hesiodi</span> <span class='ocrx_word' id='word_1_57' title='bbox 1124 1299 1241 1348; x_wconf 85' lang='lat' dir='ltr'>versus</span> <span class='ocrx_word' id='word_1_58' title='bbox 1277 1280 1349 1348; x_wconf 83' lang='lat' dir='ltr'>sive</span> 
     </span>
     <span class='ocr_line' id='line_1_10' title="bbox 173 1393 886 1486; baseline 0.001 -26"><span class='ocrx_word' id='word_1_59' title='bbox 173 1394 306 1476; x_wconf 78' lang='lat' dir='ltr'>genuini</span> <span class='ocrx_word' id='word_1_60' title='bbox 330 1393 400 1461; x_wconf 85' lang='lat' dir='ltr'>sive</span> <span class='ocrx_word' id='word_1_61' title='bbox 422 1394 556 1461; x_wconf 89' lang='lat' dir='ltr'>insiticii</span> <span class='ocrx_word' id='word_1_62' title='bbox 574 1396 619 1486; x_wconf 89' lang='grc' dir='ltr'>Ο.</span> <span class='ocrx_word' id='word_1_63' title='bbox 643 1397 686 1462; x_wconf 93' lang='lat' dir='ltr'>D.</span> <span class='ocrx_word' id='word_1_64' title='bbox 711 1400 886 1461; x_wconf 83' lang='lat'><strong>312—313</strong></span> 
     </span>
    </p>

    <p class='ocr_par' dir='ltr' id='par_1_5' title="bbox 387 1525 1153 1616">
     <span class='ocr_line' id='line_1_11' title="bbox 387 1525 1153 1616; baseline -0.001 -26"><span class='ocrx_word' id='word_1_65' title='bbox 387 1525 474 1599; x_wconf 81' lang='grc' dir='ltr'>αἰδὼς</span> <span class='ocrx_word' id='word_1_66' title='bbox 496 1527 574 1591; x_wconf 85' lang='grc' dir='ltr'>δὀὐκ</span> <span class='ocrx_word' id='word_1_67' title='bbox 597 1528 693 1614; x_wconf 65' lang='grc' dir='ltr'>ἀγαθὴ</span> <span class='ocrx_word' id='word_1_68' title='bbox 716 1529 892 1616; x_wconf 81' lang='grc' dir='ltr'>κεχρημένον</span> <span class='ocrx_word' id='word_1_69' title='bbox 917 1529 1004 1616; x_wconf 86' lang='grc' dir='ltr'>ἄνδρα</span> <span class='ocrx_word' id='word_1_70' title='bbox 1027 1531 1153 1613; x_wconf 74' lang='grc' dir='ltr'>κομίζειν</span> 
     </span>
    </p>

    <p class='ocr_par' dir='ltr' id='par_1_6' title="bbox 388 1635 1119 1723">
     <span class='ocr_line' id='line_1_12' title="bbox 388 1635 1119 1723; baseline -0.001 -25"><span class='ocrx_word' id='word_1_71' title='bbox 388 1635 484 1718; x_wconf 72' lang='grc' dir='ltr'>αἰδώς,</span> <span class='ocrx_word' id='word_1_72' title='bbox 508 1636 554 1720; x_wconf 84' lang='grc' dir='ltr'>ἥτ’</span> <span class='ocrx_word' id='word_1_73' title='bbox 579 1635 684 1723; x_wconf 79' lang='grc' dir='ltr'>ἄνδρας</span> <span class='ocrx_word' id='word_1_74' title='bbox 707 1637 779 1721; x_wconf 60' lang='grc' dir='ltr'>μέγα</span> <span class='ocrx_word' id='word_1_75' title='bbox 802 1639 905 1700; x_wconf 86' lang='grc' dir='ltr'>σίνεται</span> <span class='ocrx_word' id='word_1_76' title='bbox 919 1636 974 1721; x_wconf 61' lang='grc' dir='ltr'>μἠδ’</span> <span class='ocrx_word' id='word_1_77' title='bbox 999 1638 1119 1721; x_wconf 76' lang='grc' dir='ltr'>ὀνίνησιν</span> 
     </span>
    </p>

    <p class='ocr_par' dir='ltr' id='par_1_7' title="bbox 171 1741 1346 2306">
     <span class='ocr_line' id='line_1_13' title="bbox 387 1741 1183 1831; baseline 0.003 -27"><span class='ocrx_word' id='word_1_78' title='bbox 387 1741 474 1813; x_wconf 82' lang='grc' dir='ltr'>αἰδώς</span> <span class='ocrx_word' id='word_1_79' title='bbox 496 1764 536 1806; x_wconf 89' lang='grc' dir='ltr'>τοι</span> <span class='ocrx_word' id='word_1_80' title='bbox 558 1743 628 1830; x_wconf 82' lang='grc' dir='ltr'>πρὸς</span> <span class='ocrx_word' id='word_1_81' title='bbox 651 1742 781 1826; x_wconf 66' lang='grc' dir='ltr'>ἀνολβίῃ,</span> <span class='ocrx_word' id='word_1_82' title='bbox 804 1744 911 1831; x_wconf 81' lang='grc' dir='ltr'>δάρσος</span> <span class='ocrx_word' id='word_1_83' title='bbox 933 1743 965 1806; x_wconf 85' lang='grc' dir='ltr'>δὲ</span> <span class='ocrx_word' id='word_1_84' title='bbox 988 1744 1056 1830; x_wconf 79' lang='grc' dir='ltr'>πρὸς</span> <span class='ocrx_word' id='word_1_85' title='bbox 1079 1742 1183 1828; x_wconf 59' lang='lat' dir='ltr'>diibus?</span> 
     </span>
     <span class='ocr_line' id='line_1_14' title="bbox 173 1875 1346 1961; baseline 0.002 -20"><span class='ocrx_word' id='word_1_86' title='bbox 173 1875 213 1941; x_wconf 91' lang='lat' dir='ltr'>de</span> <span class='ocrx_word' id='word_1_87' title='bbox 237 1876 356 1956; x_wconf 91' lang='lat' dir='ltr'>quibus</span> <span class='ocrx_word' id='word_1_88' title='bbox 379 1876 456 1942; x_wconf 86' lang='lat' dir='ltr'>vide</span> <span class='ocrx_word' id='word_1_89' title='bbox 479 1875 721 1943; x_wconf 84' lang='lat' dir='ltr'>Kirohhoffium</span> <span class='ocrx_word' id='word_1_90' title='bbox 750 1876 906 1961; x_wconf 87' lang='lat' dir='ltr'>(Hesiods</span> <span class='ocrx_word' id='word_1_91' title='bbox 929 1877 1137 1943; x_wconf 87' lang='lat' dir='ltr'>Mahnlieder</span> <span class='ocrx_word' id='word_1_92' title='bbox 1160 1896 1203 1943; x_wconf 87' lang='lat' dir='ltr'>an</span> <span class='ocrx_word' id='word_1_93' title='bbox 1226 1878 1346 1943; x_wconf 88' lang='lat' dir='ltr'>Perses</span> 
     </span>
     <span class='ocr_line' id='line_1_15' title="bbox 172 1984 1346 2076; baseline 0.001 -20"><span class='ocrx_word' id='word_1_94' title='bbox 172 2010 204 2072; x_wconf 96' lang='lat' dir='ltr'>p.</span> <span class='ocrx_word' id='word_1_95' title='bbox 230 1990 286 2076; x_wconf 86' lang='grc'>66)</span> <span class='ocrx_word' id='word_1_96' title='bbox 321 1995 354 2057; x_wconf 86' lang='lat' dir='ltr'>et</span> <span class='ocrx_word' id='word_1_97' title='bbox 376 1991 665 2073; x_wconf 89' lang='lat' dir='ltr'>Peppmuellerum</span> <span class='ocrx_word' id='word_1_98' title='bbox 699 1991 733 2057; x_wconf 91' lang='lat' dir='ltr'>in</span> <span class='ocrx_word' id='word_1_99' title='bbox 755 1984 963 2058; x_wconf 84' lang='lat' dir='ltr'>Fleckeisoni&#39;</span> <span class='ocrx_word' id='word_1_100' title='bbox 989 1994 1097 2058; x_wconf 87' lang='lat' dir='ltr'>annal.</span> <span class='ocrx_word' id='word_1_101' title='bbox 1122 1993 1235 2076; x_wconf 92' lang='lat' dir='ltr'>philol.</span> <span class='ocrx_word' id='word_1_102' title='bbox 1261 1997 1346 2058; x_wconf 83' lang='lat'>1890</span> 
     </span>
     <span class='ocr_line' id='line_1_16' title="bbox 173 2107 1345 2191; baseline 0.003 -21"><span class='ocrx_word' id='word_1_103' title='bbox 173 2126 204 2188; x_wconf 93' lang='lat' dir='ltr'>p.</span> <span class='ocrx_word' id='word_1_104' title='bbox 223 2111 297 2187; x_wconf 83' lang='lat'>647,</span> <span class='ocrx_word' id='word_1_105' title='bbox 323 2107 495 2189; x_wconf 69' lang='lat' dir='ltr'>commisit,</span> <span class='ocrx_word' id='word_1_106' title='bbox 519 2112 558 2173; x_wconf 86' lang='lat' dir='ltr'>ut</span> <span class='ocrx_word' id='word_1_107' title='bbox 579 2107 742 2174; x_wconf 74' lang='lat' dir='ltr'>distichon</span> <span class='ocrx_word' id='word_1_108' title='bbox 766 2126 831 2173; x_wconf 93' lang='lat' dir='ltr'>non</span> <span class='ocrx_word' id='word_1_109' title='bbox 855 2127 897 2173; x_wconf 86' lang='lat' dir='ltr'>ex</span> <span class='ocrx_word' id='word_1_110' title='bbox 920 2107 1071 2174; x_wconf 90' lang='lat' dir='ltr'>omnibus</span> <span class='ocrx_word' id='word_1_111' title='bbox 1088 2107 1239 2191; x_wconf 88' lang='lat' dir='ltr'>partibus</span> <span class='ocrx_word' id='word_1_112' title='bbox 1256 2113 1345 2175; x_wconf 89' lang='lat' dir='ltr'>recte</span> 
     </span>
     <span class='ocr_line' id='line_1_17' title="bbox 171 2221 1343 2306; baseline 0.003 -19"><span class='ocrx_word' id='word_1_113' title='bbox 171 2221 426 2304; x_wconf 78' lang='lat' dir='ltr'>intellegeretur.</span> <span class='ocrx_word' id='word_1_114' title='bbox 461 2225 505 2288; x_wconf 94' lang='lat' dir='ltr'>H.</span> <span class='ocrx_word' id='word_1_115' title='bbox 525 2223 674 2305; x_wconf 74' lang='lat' dir='ltr'>Grotius</span> <span class='ocrx_word' id='word_1_116' title='bbox 698 2228 735 2288; x_wconf 92' lang='lat' dir='ltr'>ut</span> <span class='ocrx_word' id='word_1_117' title='bbox 754 2226 888 2305; x_wconf 88' lang='lat' dir='ltr'>assolet,</span> <span class='ocrx_word' id='word_1_118' title='bbox 913 2228 1000 2290; x_wconf 89' lang='lat' dir='ltr'>recte</span> <span class='ocrx_word' id='word_1_119' title='bbox 1021 2224 1256 2306; x_wconf 87' lang='lat' dir='ltr'>interpretatus</span> <span class='ocrx_word' id='word_1_120' title='bbox 1280 2230 1343 2291; x_wconf 89' lang='lat' dir='ltr'>est:</span> 
     </span>
    </p>
   </div>
   <div class='ocr_carea' id='block_1_3' title="bbox 171 2356 1344 2780">
    <p class='ocr_par' dir='ltr' id='par_1_8' title="bbox 299 2356 1162 2438">
     <span class='ocr_line' id='line_1_18' title="bbox 299 2356 1162 2438; baseline 0.002 -17"><span class='ocrx_word' id='word_1_121' title='bbox 299 2357 403 2422; x_wconf 87' lang='lat' dir='ltr'>Nulla</span> <span class='ocrx_word' id='word_1_122' title='bbox 426 2361 535 2437; x_wconf 88' lang='lat' dir='ltr'>potest</span> <span class='ocrx_word' id='word_1_123' title='bbox 558 2356 667 2422; x_wconf 87' lang='lat' dir='ltr'>animo</span> <span class='ocrx_word' id='word_1_124' title='bbox 690 2376 744 2423; x_wconf 90' lang='lat' dir='ltr'>res</span> <span class='ocrx_word' id='word_1_125' title='bbox 768 2362 837 2423; x_wconf 89' lang='lat' dir='ltr'>tam</span> <span class='ocrx_word' id='word_1_126' title='bbox 860 2357 1007 2438; x_wconf 91' lang='lat' dir='ltr'>pretiosa</span> <span class='ocrx_word' id='word_1_127' title='bbox 1029 2356 1162 2423; x_wconf 88' lang='lat' dir='ltr'>recondi</span> 
     </span>
    </p>

    <p class='ocr_par' dir='ltr' id='par_1_9' title="bbox 171 2462 1344 2780">
     <span class='ocr_line' id='line_1_19' title="bbox 301 2462 1237 2547; baseline 0.003 -19"><span class='ocrx_word' id='word_1_128' title='bbox 301 2479 400 2542; x_wconf 90' lang='lat' dir='ltr'>quam</span> <span class='ocrx_word' id='word_1_129' title='bbox 424 2463 540 2545; x_wconf 88' lang='lat' dir='ltr'>pudor,</span> <span class='ocrx_word' id='word_1_130' title='bbox 565 2463 647 2530; x_wconf 89' lang='lat' dir='ltr'>haec</span> <span class='ocrx_word' id='word_1_131' title='bbox 670 2463 729 2529; x_wconf 93' lang='lat' dir='ltr'>dos</span> <span class='ocrx_word' id='word_1_132' title='bbox 753 2471 804 2529; x_wconf 92' lang='lat' dir='ltr'>est</span> <span class='ocrx_word' id='word_1_133' title='bbox 826 2463 970 2546; x_wconf 81' lang='lat' dir='ltr'>propria,</span> <span class='ocrx_word' id='word_1_134' title='bbox 992 2462 1101 2547; x_wconf 86' lang='lat' dir='ltr'>Oyrne</span> <span class='ocrx_word' id='word_1_135' title='bbox 1125 2465 1237 2547; x_wconf 87' lang='lat' dir='ltr'>probis</span> 
     </span>
     <span class='ocr_line' id='line_1_20' title="bbox 171 2595 1344 2678; baseline 0.004 -19"><span class='ocrx_word' id='word_1_136' title='bbox 171 2613 276 2676; x_wconf 86' lang='lat' dir='ltr'>neque</span> <span class='ocrx_word' id='word_1_137' title='bbox 299 2595 353 2662; x_wconf 89' lang='lat' dir='ltr'>W.</span> <span class='ocrx_word' id='word_1_138' title='bbox 376 2596 416 2662; x_wconf 82' lang='grc' dir='ltr'>Ε.</span> <span class='ocrx_word' id='word_1_139' title='bbox 440 2596 562 2678; x_wconf 89' lang='lat' dir='ltr'>Weber</span> <span class='ocrx_word' id='word_1_140' title='bbox 586 2615 607 2663; x_wconf 88' lang='lat' dir='ltr'>a</span> <span class='ocrx_word' id='word_1_141' title='bbox 629 2615 709 2663; x_wconf 91' lang='lat' dir='ltr'>vero</span> <span class='ocrx_word' id='word_1_142' title='bbox 734 2596 917 2678; x_wconf 76' lang='lat' dir='ltr'>aberravit,</span> <span class='ocrx_word' id='word_1_143' title='bbox 946 2615 1021 2663; x_wconf 90' lang='lat' dir='ltr'>cnm</span> <span class='ocrx_word' id='word_1_144' title='bbox 1044 2599 1148 2664; x_wconf 85' lang='lat' dir='ltr'>verba</span> <span class='ocrx_word' id='word_1_145' title='bbox 1169 2598 1203 2663; x_wconf 90' lang='lat' dir='ltr'>in</span> <span class='ocrx_word' id='word_1_146' title='bbox 1226 2617 1344 2664; x_wconf 84' lang='lat' dir='ltr'>verna-</span> 
     </span>
     <span class='ocr_line' id='line_1_21' title="bbox 172 2711 789 2780; baseline 0.006 -4"><span class='ocrx_word' id='word_1_147' title='bbox 172 2711 281 2777; x_wconf 90' lang='lat' dir='ltr'>culum</span> <span class='ocrx_word' id='word_1_148' title='bbox 305 2730 489 2778; x_wconf 88' lang='lat' dir='ltr'>sermonem</span> <span class='ocrx_word' id='word_1_149' title='bbox 512 2713 560 2779; x_wconf 88' lang='lat' dir='ltr'>ita</span> <span class='ocrx_word' id='word_1_150' title='bbox 582 2713 789 2780; x_wconf 85' lang='lat' dir='ltr'>transferret:</span> 
     </span>
    </p>
   </div>
   <div class='ocr_carea' id='block_1_4' title="bbox 171 2854 1344 3048">
    <p class='ocr_par' dir='ltr' id='par_1_10' title="bbox 171 2854 1344 3048">
     <span class='ocr_line' id='line_1_22' title="bbox 171 2854 1344 2940; baseline 0.003 -21"><span class='ocrx_word' id='word_1_151' title='bbox 171 2854 536 2922; x_wconf 72' lang='lat' dir='ltr'>BcsserVermdchtnis</span> <span class='ocrx_word' id='word_1_152' title='bbox 554 2858 676 2923; x_wconf 91' lang='lat' dir='ltr'>kannst</span> <span class='ocrx_word' id='word_1_153' title='bbox 687 2857 742 2923; x_wconf 93' lang='lat' dir='ltr'>Du</span> <span class='ocrx_word' id='word_1_154' title='bbox 759 2858 885 2923; x_wconf 81' lang='lat' dir='ltr'>zurdck</span> <span class='ocrx_word' id='word_1_155' title='bbox 901 2856 992 2923; x_wconf 89' lang='lat' dir='ltr'>nicht</span> <span class='ocrx_word' id='word_1_156' title='bbox 1007 2857 1102 2940; x_wconf 82' lang='lat' dir='ltr'>legen</span> <span class='ocrx_word' id='word_1_157' title='bbox 1118 2855 1181 2923; x_wconf 91' lang='lat' dir='ltr'>den</span> <span class='ocrx_word' id='word_1_158' title='bbox 1194 2856 1344 2925; x_wconf 90' lang='lat' dir='ltr'>Kindern</span> 
     </span>
     <span class='ocr_line' id='line_1_23' title="bbox 171 2961 1277 3048; baseline 0.004 -22"><span class='ocrx_word' id='word_1_159' title='bbox 171 2961 235 3029; x_wconf 82' lang='lat' dir='ltr'>Als</span> <span class='ocrx_word' id='word_1_160' title='bbox 259 2962 390 3044; x_wconf 83' lang='lat' dir='ltr'>Scham‚</span> <span class='ocrx_word' id='word_1_161' title='bbox 414 2963 558 3048; x_wconf 84' lang='lat' dir='ltr'>Kyrnos,</span> <span class='ocrx_word' id='word_1_162' title='bbox 583 2983 626 3030; x_wconf 87' lang='lat' dir='ltr'>an</span> <span class='ocrx_word' id='word_1_163' title='bbox 649 2965 708 3030; x_wconf 87' lang='lat' dir='ltr'>der</span> <span class='ocrx_word' id='word_1_164' title='bbox 730 2966 882 3031; x_wconf 87' lang='lat' dir='ltr'>wackere</span> <span class='ocrx_word' id='word_1_165' title='bbox 905 2965 1045 3030; x_wconf 69' lang='lat' dir='ltr'>Manner</span> <span class='ocrx_word' id='word_1_166' title='bbox 1068 2983 1143 3030; x_wconf 85' lang='lat' dir='ltr'>man</span> <span class='ocrx_word' id='word_1_167' title='bbox 1168 2965 1277 3030; x_wconf 89' lang='lat' dir='ltr'>kennt.</span> 
     </span>
    </p>
   </div>
   <div class='ocr_carea' id='block_1_5' title="bbox 169 3104 1342 3419">
    <p class='ocr_par' dir='ltr' id='par_1_11' title="bbox 169 3104 1342 3419">
     <span class='ocr_line' id='line_1_24' title="bbox 169 3104 1342 3187; baseline 0.003 -18"><span class='ocrx_word' id='word_1_168' title='bbox 169 3104 296 3171; x_wconf 88' lang='lat' dir='ltr'>Versus</span> <span class='ocrx_word' id='word_1_169' title='bbox 319 3109 506 3187; x_wconf 78' lang='grc'>409-410,</span> <span class='ocrx_word' id='word_1_170' title='bbox 542 3124 681 3187; x_wconf 89' lang='lat' dir='ltr'>quorum</span> <span class='ocrx_word' id='word_1_171' title='bbox 705 3124 810 3186; x_wconf 87' lang='lat' dir='ltr'>neque</span> <span class='ocrx_word' id='word_1_172' title='bbox 835 3110 1028 3187; x_wconf 81' lang='lat' dir='ltr'>argumento</span> <span class='ocrx_word' id='word_1_173' title='bbox 1052 3122 1113 3170; x_wconf 89' lang='lat' dir='ltr'>nec</span> <span class='ocrx_word' id='word_1_174' title='bbox 1135 3104 1246 3171; x_wconf 88' lang='lat' dir='ltr'>verbis</span> <span class='ocrx_word' id='word_1_175' title='bbox 1270 3106 1342 3173; x_wconf 87' lang='lat' dir='ltr'>iure</span> 
     </span>
     <span class='ocr_line' id='line_1_25' title="bbox 170 3219 1341 3305; baseline 0.004 -20"><span class='ocrx_word' id='word_1_176' title='bbox 170 3219 378 3303; x_wconf 69' lang='lat' dir='ltr'>offendimur,</span> <span class='ocrx_word' id='word_1_177' title='bbox 414 3223 554 3288; x_wconf 89' lang='lat' dir='ltr'>multum</span> <span class='ocrx_word' id='word_1_178' title='bbox 581 3221 748 3289; x_wconf 87' lang='lat' dir='ltr'>immutati</span> <span class='ocrx_word' id='word_1_179' title='bbox 771 3221 890 3289; x_wconf 87' lang='lat' dir='ltr'>iterum</span> <span class='ocrx_word' id='word_1_180' title='bbox 913 3221 946 3286; x_wconf 96' lang='lat' dir='ltr'>in</span> <span class='ocrx_word' id='word_1_181' title='bbox 970 3221 1063 3288; x_wconf 89' lang='lat' dir='ltr'>libris</span> <span class='ocrx_word' id='word_1_182' title='bbox 1087 3223 1341 3305; x_wconf 85' lang='lat' dir='ltr'>manuscriptis</span> 
     </span>
     <span class='ocr_line' id='line_1_26' title="bbox 169 3334 446 3419; baseline 0.011 -20"><span class='ocrx_word' id='word_1_183' title='bbox 169 3334 203 3399; x_wconf 83' lang='grc' dir='ltr'><strong>Α</strong></span> <span class='ocrx_word' id='word_1_184' title='bbox 226 3336 254 3403; x_wconf 92' lang='grc' dir='ltr'>Ο</span> <span class='ocrx_word' id='word_1_185' title='bbox 279 3337 446 3419; x_wconf 81' lang='lat' dir='ltr'>leguntur:</span> 
     </span>
    </p>
   </div>
   <div class='ocr_carea' id='block_1_6' title="bbox 276 3459 1159 3655">
    <p class='ocr_par' dir='ltr' id='par_1_12' title="bbox 276 3459 1159 3655">
     <span class='ocr_line' id='line_1_27' title="bbox 276 3459 1159 3547; baseline -0.001 -24"><span class='ocrx_word' id='word_1_186' title='bbox 276 3480 308 3524; x_wconf 85' lang='lat' dir='ltr'>v.</span> <span class='ocrx_word' id='word_1_187' title='bbox 328 3464 411 3526; x_wconf 91' lang='grc'>1161</span> <span class='ocrx_word' id='word_1_188' title='bbox 437 3459 537 3522; x_wconf 82' lang='grc' dir='ltr'>οὐδένα</span> <span class='ocrx_word' id='word_1_189' title='bbox 558 3460 704 3546; x_wconf 76' lang='grc' dir='ltr'>δησαορύν</span> <span class='ocrx_word' id='word_1_190' title='bbox 727 3459 818 3522; x_wconf 82' lang='grc' dir='ltr'>παισίν</span> <span class='ocrx_word' id='word_1_191' title='bbox 840 3461 1014 3547; x_wconf 67' lang='grc' dir='ltr'>καταδρσειν</span> <span class='ocrx_word' id='word_1_192' title='bbox 1038 3464 1159 3544; x_wconf 80' lang='grc' dir='ltr'>ἄμεινον,</span> 
     </span>
     <span class='ocr_line' id='line_1_28' title="bbox 435 3567 1104 3655; baseline 0.004 -27"><span class='ocrx_word' id='word_1_193' title='bbox 435 3569 554 3629; x_wconf 80' lang='grc' dir='ltr'>αἰτοῦσιν</span> <span class='ocrx_word' id='word_1_194' title='bbox 578 3567 723 3651; x_wconf 71' lang='grc' dir='ltr'>δ’ἀραδοίς</span> <span class='ocrx_word' id='word_1_195' title='bbox 746 3568 871 3654; x_wconf 85' lang='grc' dir='ltr'>ἀνδράσι,</span> <span class='ocrx_word' id='word_1_196' title='bbox 895 3567 998 3655; x_wconf 83' lang='grc' dir='ltr'>Κύρνε,</span> <span class='ocrx_word' id='word_1_197' title='bbox 1022 3568 1104 3632; x_wconf 89' lang='grc' dir='ltr'>δίδου.</span> 
     </span>
    </p>
   </div>
   <div class='ocr_carea' id='block_1_7' title="bbox 168 3709 1340 3910">
    <p class='ocr_par' dir='ltr' id='par_1_13' title="bbox 168 3709 1340 3910">
     <span class='ocr_line' id='line_1_29' title="bbox 168 3709 1340 3797; baseline 0.009 -27"><span class='ocrx_word' id='word_1_198' title='bbox 168 3709 259 3772; x_wconf 74' lang='grc' dir='ltr'>παισὶν</span> <span class='ocrx_word' id='word_1_199' title='bbox 282 3709 465 3796; x_wconf 66' lang='grc' dir='ltr'>καταθήσειν,</span> <span class='ocrx_word' id='word_1_200' title='bbox 488 3710 576 3791; x_wconf 90' lang='lat' dir='ltr'>quod</span> <span class='ocrx_word' id='word_1_201' title='bbox 598 3711 632 3777; x_wconf 90' lang='lat' dir='ltr'><strong>A</strong></span> <span class='ocrx_word' id='word_1_202' title='bbox 655 3711 746 3777; x_wconf 90' lang='lat' dir='ltr'>solus</span> <span class='ocrx_word' id='word_1_203' title='bbox 769 3712 920 3794; x_wconf 83' lang='lat' dir='ltr'>praebet,</span> <span class='ocrx_word' id='word_1_204' title='bbox 945 3731 1019 3780; x_wconf 84' lang='lat' dir='ltr'>curn</span> <span class='ocrx_word' id='word_1_205' title='bbox 1043 3717 1147 3779; x_wconf 88' lang='lat' dir='ltr'>metro</span> <span class='ocrx_word' id='word_1_206' title='bbox 1171 3720 1340 3797; x_wconf 76' lang='lat' dir='ltr'>repugnet,</span> 
     </span>
     <span class='ocr_line' id='line_1_30' title="bbox 168 3825 1339 3910; baseline 0.004 -20"><span class='ocrx_word' id='word_1_207' title='bbox 168 3825 211 3890; x_wconf 92' lang='lat' dir='ltr'>ad</span> <span class='ocrx_word' id='word_1_208' title='bbox 227 3825 389 3894; x_wconf 89' lang='lat' dir='ltr'>librumO</span> <span class='ocrx_word' id='word_1_209' title='bbox 407 3825 640 3910; x_wconf 75' lang='lat' dir='ltr'>confugiemus,</span> <span class='ocrx_word' id='word_1_210' title='bbox 665 3825 721 3907; x_wconf 92' lang='lat' dir='ltr'>qui</span> <span class='ocrx_word' id='word_1_211' title='bbox 741 3831 846 3893; x_wconf 88' lang='lat' dir='ltr'>metro</span> <span class='ocrx_word' id='word_1_212' title='bbox 863 3826 1068 3894; x_wconf 83' lang='lat' dir='ltr'>satisfaciens</span> <span class='ocrx_word' id='word_1_213' title='bbox 1084 3829 1188 3894; x_wconf 81' lang='lat' dir='ltr'>verba</span> <span class='ocrx_word' id='word_1_214' title='bbox 1209 3827 1339 3895; x_wconf 87' lang='lat' dir='ltr'>inverso</span> 
     </span>
    </p>
   </div>
   <div class='ocr_carea' id='block_1_8' title="bbox 239 4029 443 4097">
    <p class='ocr_par' dir='ltr' id='par_1_14' title="bbox 239 4029 443 4097">
     <span class='ocr_line' id='line_1_31' title="bbox 239 4029 443 4097; baseline 0.005 -15"><span class='ocrx_word' id='word_1_215' title='bbox 239 4029 250 4067; x_wconf 93' lang='lat'>1</span> <span class='ocrx_word' id='word_1_216' title='bbox 269 4031 289 4083; x_wconf 91' lang='lat' dir='ltr'>l.</span> <span class='ocrx_word' id='word_1_217' title='bbox 309 4046 332 4083; x_wconf 91' lang='lat' dir='ltr'>e.</span> <span class='ocrx_word' id='word_1_218' title='bbox 351 4047 381 4097; x_wconf 91' lang='lat' dir='ltr'>p.</span> <span class='ocrx_word' id='word_1_219' title='bbox 400 4033 443 4083; x_wconf 83' lang='lat'>24.</span> 
     </span>
    </p>
   </div>
   <div class='ocr_carea' id='block_1_9' title="bbox 167 4135 1340 4472">
    <p class='ocr_par' dir='ltr' id='par_1_15' title="bbox 167 4135 1340 4472">
     <span class='ocr_line' id='line_1_32' title="bbox 239 4135 1338 4204; baseline 0.004 -15"><span class='ocrx_word' id='word_1_220' title='bbox 239 4135 308 4190; x_wconf 55' lang='grc' dir='ltr'>δαί.</span> <span class='ocrx_word' id='word_1_221' title='bbox 336 4153 364 4191; x_wconf 85' lang='lat' dir='ltr'>v.</span> <span class='ocrx_word' id='word_1_222' title='bbox 383 4137 799 4193; x_wconf 80' lang='lat' dir='ltr'>Wilanowitz·Mdllendorff</span> <span class='ocrx_word' id='word_1_223' title='bbox 829 4139 865 4192; x_wconf 84' lang='lat' dir='ltr'>ad</span> <span class='ocrx_word' id='word_1_224' title='bbox 893 4137 1050 4204; x_wconf 76' lang='lat' dir='ltr'>Euripidis</span> <span class='ocrx_word' id='word_1_225' title='bbox 1078 4139 1193 4192; x_wconf 89' lang='lat' dir='ltr'>Heracl.</span> <span class='ocrx_word' id='word_1_226' title='bbox 1221 4155 1248 4192; x_wconf 87' lang='lat' dir='ltr'>v.</span> <span class='ocrx_word' id='word_1_227' title='bbox 1277 4142 1338 4193; x_wconf 82' lang='lat'><strong>557.</strong></span> 
     </span>
     <span class='ocr_line' id='line_1_33' title="bbox 167 4224 1340 4296; baseline 0.004 -20"><span class='ocrx_word' id='word_1_228' title='bbox 167 4225 237 4277; x_wconf 89' lang='lat' dir='ltr'>Man</span> <span class='ocrx_word' id='word_1_229' title='bbox 256 4226 345 4291; x_wconf 69' lang='grc' dir='ltr'>εἰσίοι,</span> <span class='ocrx_word' id='word_1_230' title='bbox 372 4228 430 4282; x_wconf 85' lang='lat' dir='ltr'>wie</span> <span class='ocrx_word' id='word_1_231' title='bbox 452 4227 725 4294; x_wconf 79' lang='lat' dir='ltr'>verschiedenartig</span> <span class='ocrx_word' id='word_1_232' title='bbox 751 4227 800 4280; x_wconf 89' lang='lat' dir='ltr'>die</span> <span class='ocrx_word' id='word_1_233' title='bbox 823 4226 954 4281; x_wconf 77' lang='lat' dir='ltr'>Gottheit</span> <span class='ocrx_word' id='word_1_234' title='bbox 973 4224 1082 4296; x_wconf 75' lang='grc' dir='ltr'>(Αἰδώς)</span> <span class='ocrx_word' id='word_1_235' title='bbox 1100 4228 1199 4293; x_wconf 80' lang='lat' dir='ltr'>wirkt‚</span> <span class='ocrx_word' id='word_1_236' title='bbox 1226 4229 1259 4281; x_wconf 85' lang='lat' dir='ltr'>in</span> <span class='ocrx_word' id='word_1_237' title='bbox 1287 4228 1340 4283; x_wconf 88' lang='lat' dir='ltr'>der</span> 
     </span>
     <span class='ocr_line' id='line_1_34' title="bbox 167 4312 1338 4387; baseline 0.005 -23"><span class='ocrx_word' id='word_1_238' title='bbox 167 4312 260 4366; x_wconf 83' lang='lat' dir='ltr'>echon</span> <span class='ocrx_word' id='word_1_239' title='bbox 277 4315 388 4368; x_wconf 89' lang='lat' dir='ltr'>Hesiod</span> <span class='ocrx_word' id='word_1_240' title='bbox 410 4316 481 4384; x_wconf 77' lang='lat' dir='ltr'>Erg.</span> <span class='ocrx_word' id='word_1_241' title='bbox 501 4318 554 4370; x_wconf 82' lang='grc'>318</span> <span class='ocrx_word' id='word_1_242' title='bbox 580 4317 645 4370; x_wconf 92' lang='lat' dir='ltr'>und</span> <span class='ocrx_word' id='word_1_243' title='bbox 672 4316 750 4369; x_wconf 85' lang='lat' dir='ltr'>nach</span> <span class='ocrx_word' id='word_1_244' title='bbox 777 4315 840 4368; x_wconf 89' lang='lat' dir='ltr'>ihm</span> <span class='ocrx_word' id='word_1_245' title='bbox 863 4315 968 4383; x_wconf 83' lang='lat' dir='ltr'>Eurip.</span> <span class='ocrx_word' id='word_1_246' title='bbox 986 4317 1077 4384; x_wconf 89' lang='lat' dir='ltr'>Hipp.</span> <span class='ocrx_word' id='word_1_247' title='bbox 1098 4318 1151 4372; x_wconf 81' lang='grc'>384</span> <span class='ocrx_word' id='word_1_248' title='bbox 1174 4317 1247 4387; x_wconf 86' lang='lat' dir='ltr'>(non</span> <span class='ocrx_word' id='word_1_249' title='bbox 1265 4318 1338 4385; x_wconf 80' lang='grc'>354),</span> 
     </span>
     <span class='ocr_line' id='line_1_35' title="bbox 167 4401 1085 4472; baseline 0.007 -18"><span class='ocrx_word' id='word_1_250' title='bbox 167 4401 306 4457; x_wconf 76' lang='lat' dir='ltr'>Erechth.</span> <span class='ocrx_word' id='word_1_251' title='bbox 325 4405 382 4472; x_wconf 79' lang='lat' dir='ltr'>trg.</span> <span class='ocrx_word' id='word_1_252' title='bbox 402 4406 452 4457; x_wconf 87' lang='grc'>367</span> <span class='ocrx_word' id='word_1_253' title='bbox 472 4406 507 4459; x_wconf 87' lang='lat' dir='ltr'>N.</span> <span class='ocrx_word' id='word_1_254' title='bbox 527 4405 576 4459; x_wconf 89' lang='lat' dir='ltr'>ein</span> <span class='ocrx_word' id='word_1_255' title='bbox 594 4404 811 4472; x_wconf 84' lang='lat' dir='ltr'>Doppelwcsen</span> <span class='ocrx_word' id='word_1_256' title='bbox 830 4405 957 4459; x_wconf 83' lang='lat' dir='ltr'>erkannt</span> <span class='ocrx_word' id='word_1_257' title='bbox 974 4406 1085 4460; x_wconf 86' lang='lat' dir='ltr'>hatten.</span> 
     </span>
    </p>
   </div>
   <div class='ocr_carea' id='block_1_10' title="bbox 0 0 1522 4844">
    <p class='ocr_par' dir='ltr' id='par_1_16' title="bbox 0 0 1522 4844">
     <span class='ocr_line' id='line_1_36' title="bbox 0 0 1522 4844; baseline 0 3"><span class='ocrx_word' id='word_1_258' title='bbox 0 0 1522 4844; x_wconf 95' lang='lat' dir='ltr'> </span> 
     </span>
    </p>
   </div>
  </div>
 </body>
</html>
