3036 4844
664 269 878 331 -39-

182 460 265 543 quis,
287 459 418 542 Solone,
441 460 662 544 Xenophane,
685 461 879 546 Theognide
895 464 1036 546 genuino
1053 485 1225 532 commune
1246 466 1357 533 habet.

182 569 361 656 Nunquam
381 571 483 655 igitur
499 573 555 639 ille
573 578 650 638 ante
668 575 922 657 compositiones
940 574 1106 658 graviores
1122 578 1267 642 vocalem
1283 579 1356 644 bre·

181 703 249 747 vem
272 681 407 748 admisit
429 688 466 748 ut
483 684 691 766 recentiores,
715 690 791 749 ante
813 709 865 766 rw,
890 708 932 760 κν,
957 708 1001 764 xv,
1024 690 1065 749 9ν
1084 687 1117 750 in
1140 686 1249 752 media
1264 709 1352 770 voce,

181 795 219 878 ,a
237 799 270 858 et
289 795 329 877 γλ
350 793 383 859 in
399 793 464 858 fine
487 792 576 859 verbi
588 793 625 878 1).
659 793 816 877 Sequitur
830 800 963 878 poetam
979 796 1061 861 nihil
1077 796 1199 862 habere
1219 805 1356 883 propter

97 923 100 930 ’
180 903 269 988 quod
290 926 370 971 aevo
393 903 538 971 inferiori
559 905 705 969 tribuere
726 927 801 971 eum
823 926 988 988 cogamur.
1033 905 1108 970 Etsi
1130 907 1206 974 inde
1228 914 1354 994 tempo·

181 1017 269 1080 ribus
291 1015 528 1098 posterioribus
559 1014 703 1080 scribere
733 1036 807 1080 eum
844 1037 908 1080 non
938 1017 1080 1101 potuisse
1114 1040 1180 1083 non
1210 1021 1355 1086 vicissim

180 1125 329 1208 eflicitur,
345 1133 455 1192 tamen
471 1127 629 1192 maiorem
652 1127 752 1191 habet
768 1127 911 1210 speciem
928 1133 1061 1210 poetam
1083 1129 1253 1210 antiquum
1272 1151 1353 1213 esse,

179 1259 251 1304 cum
274 1258 428 1302 numerus
452 1239 698 1321 correptionum
720 1238 917 1321 perexiguus
934 1239 978 1302 sit
994 1260 1052 1321 pro
1073 1240 1167 1323 copia
1187 1241 1353 1306 vocalium

179 1349 414 1432 productorum
432 1349 463 1430 (3
478 1371 484 1412 :
499 1353 564 1429 98).

263 1458 363 1542 Quod
383 1460 527 1542 pertinet
552 1459 594 1523 ad
616 1464 721 1523 totam
743 1459 903 1523 materiae
925 1480 1005 1524 sane
1033 1459 1179 1526 lubricae
1209 1466 1352 1526 tractan-

178 1571 239 1636 dae
261 1572 435 1651 rationem,
458 1571 528 1636 iure
551 1570 700 1637 Oorsenn
722 1568 1201 1651 Hertzborgio‘Alexandrinis
1222 1593 1354 1655 poema·

76 1740 79 1745 .
177 1682 225 1746 tia
246 1680 442 1747 attribuenti
463 1679 663 1763 obloquitur,
687 1701 760 1745 oum
784 1680 962 1762 elegiarum
979 1683 1155 1747 multarum
1180 1704 1353 1768 argumen-

177 1799 246 1858 tum
269 1791 428 1857 eroticum
449 1792 556 1874 primo
581 1790 699 1856 obtutu
716 1791 868 1872 cognosci
883 1813 949 1856 non
971 1812 1067 1874 posse
1089 1799 1232 1874 moneat,
1251 1795 1352 1860 immo

176 1905 371 1986 scriptorem
397 1902 590 1985 plerumque
614 1902 722 1966 verbis
758 1901 929 1967 modestis*
945 1923 1040 1967 usum
1069 1924 1214 1968 amorem
1244 1905 1352 1986 specie

176 2014 342 2079 amicitiae
363 2014 482 2093 velare,
506 2034 570 2096 qua
593 2034 628 2078 re
651 2011 795 2076 disticha
814 2019 927 2077 nostra
949 2012 1145 2095 permultum
1167 2013 1352 2097 discrepare

175 2124 217 2190 ab
240 2125 487 2207 epigrammatis
509 2124 717 2206 anthologiae
732 2123 908 2189 Palatinae
931 2124 1038 2207 plenis
1060 2125 1295 2190 obscoenitatis
1319 2131 1352 2190 et

176 2236 331 2301 lasciviae
343 2235 379 2319 2).
433 2234 528 2299 Haec
549 2240 582 2300 et
605 2238 715 2298 cetera
738 2256 822 2318 quae
851 2237 1102 2302 commemoravi
1130 2258 1149 2301 a
1181 2233 1350 2302 Gorsenno

174 2339 374 2428 Hilleroque
394 2346 495 2410 allata
518 2366 593 2410 cum
614 2345 694 2409 mihi
716 2352 803 2411 recte
827 2368 861 2410 so
885 2345 1006 2412 habere
1031 2347 1214 2428 videantur,
1245 2347 1352 2413 facere

174 2479 239 2523 non
262 2478 397 2541 possum
412 2458 492 2540 quin
515 2456 630 2521 horum
653 2457 835 2534 sententiae
856 2457 1013 2523 accedam
1036 2465 1194 2540 quantum
1218 2457 1351 2539 quidem

173 2569 319 2652 pertinet
341 2567 384 2632 ad
405 2568 582 2632 terminum
604 2572 682 2632 ante
705 2588 812 2650 quem.

260 2678 386 2746 Verum
408 2678 459 2742 bis
482 2678 683 2760 argumentis
713 2700 772 2743 nos
801 2700 867 2745 non
887 2679 1138 2762 acquiescimus,
1169 2678 1267 2743 immo
1290 2700 1350 2744 nos

171 2810 307 2874 quoque
330 2795 557 2872 argumentum
585 2809 722 2870 novum,
756 2790 846 2872 quod
869 2811 933 2854 non
963 2789 1088 2853 minimi
1118 2789 1275 2852 momenti
1296 2789 1349 2869 sit,

172 2901 291 2967 afferre
323 2920 419 2984 posse
442 2898 538 2964 nobis
563 2897 717 2963 videmur.
770 2899 968 2965 Oontinetur
1005 2905 1116 2963 autem
1148 2918 1198 2960 vv.
1225 2899 1352 2981 1347l8..

173 3013 300 3079 Notum
334 3011 420 3077 enim
454 3015 504 3075 est
537 3030 609 3074 eam
643 3008 776 3076 fabulae
812 3012 951 3076 formam
982 3030 1047 3092 qua
1080 3007 1349 3090 Ganymedes

172 3123 285 3207 aquila
313 3121 357 3187 ad
389 3121 515 3186 caelum
538 3119 688 3184 sublatus
712 3141 783 3185 esse
813 3125 966 3185 narratur
988 3119 1165 3184 admodum
1185 3124 1350 3184 recentem

171 3232 292 3312 essel).
337 3232 463 3297 Poetae
489 3232 655 3296 veterrimi
676 3236 734 3295 aut
756 3231 838 3295 nihil
861 3231 1048 3296 accuratius
1070 3229 1111 3294 de
1133 3234 1231 3312 raptu
1254 3229 1350 3313 pueri

172 3343 321 3408 referunt
343 3341 396 3422 (Il.
414 3349 442 3403 Υ
456 3344 586 3424 232sq,
608 3340 754 3407 Lesobes
771 3341 861 3425 apud
873 3340 1003 3406 Welck.
1017 3361 1062 3424 cp.
1081 3341 1167 3425 opat.
1181 3339 1220 3406 H
1230 3364 1261 3425 p.
1276 3343 1347 3423 534,

171 3453 294 3538 Ibycus
316 3455 349 3517 in
369 3452 470 3517 schol.
490 3450 532 3515 ad
548 3451 662 3535 Apoll.
682 3452 791 3517 Rhod.
808 3457 838 3534 3,
863 3455 922 3516 158
941 3483 983 3505 =
1001 3451 1040 3516 fr.
1058 3457 1097 3516 30
1120 3451 1265 3538 Bergk),
1292 3460 1351 3519 aut
1428 3482 1430 3487 ’

259 3717 281 3784 ¹)
304 3714 341 3769 Ut
359 3715 515 3769 Simonides
534 3714 604 3769 Ceus
622 3717 664 3780 99,
682 3716 712 3780 33
737 3716 794 3781 141,
817 3717 846 3781 53
865 3715 995 3784 Aeschyl.
1019 3715 1052 3766 fr.
1072 3717 1101 3782 23
1127 3713 1227 3767 Critias
1251 3716 1276 3780 2,
1301 3715 1347 3781 113

169 3805 196 3869 9,
213 3804 261 3870 203
287 3799 452 3855 Parrhasius
477 3802 499 3866 l,
522 3803 553 3868 45
581 3802 605 3866 3,
623 3802 653 3867 25
682 3800 847 3853 Aristoteles
871 3800 905 3853 fr.
923 3801 954 3863 23
981 3800 1077 3854 Grates
1103 3802 1127 3865 7,
1150 3803 1180 3866 45
1207 3797 1349 3851 Leonidas

168 3884 338 3940 'ferentinus
356 3885 452 3953 (laudo
470 3886 506 3939 ad
525 3887 677 3940 editionem
696 3883 934 3951 Hertungianam)
952 3887 977 3951 3,
995 3887 1026 3950 4;
1045 3887 1068 3945 9,
1089 3885 1118 3951 1;
1136 3886 1178 3948 48,
1198 3886 1220 3936 l.

257 3971 280 4038 ⁹)
299 3972 425 4026 Oorsenu
442 3989 468 4039 p.
489 3973 530 4036 30,
548 3973 591 4026 al.
628 3970 669 4025 Ol.
688 3970 783 4040 Bergk
801 3987 827 4038 p.
845 3971 904 4023 315.

258 4055 278 4123 ³)
297 4055 341 4109 De
360 4055 521 4124 Ganymede
543 4056 640 4111 confer
659 4056 815 4109 Prellerum
830 4054 929 4125 qriecb.
950 4053 1067 4123 Myrtoi.
1088 4052 1122 4106 1²
1141 4072 1167 4123 p.
1185 4054 1244 4116 399,
1264 4053 1350 4107 Ovor-

170 4139 300 4195 beclinm
321 4140 423 4211 prieclt.
447 4140 708 4212 Kuastmptlvolopic
731 4139 791 4209 Ip.
810 4142 861 4195 515
878 4157 946 4208 sqq..
972 4139 1141 4193 Drexlerum
1167 4138 1197 4190 in
1214 4137 1350 4191 Roscheri

169 4225 258 4280 lexico
278 4225 294 4279 I
311 4244 338 4295 p.
358 4225 426 4281 1595
444 4242 502 4294 sqq.
