3036 4844
649 271 862 333 „34-

167 468 267 544 rarat,
292 463 471 529 clausulam
487 463 583 528 huius
606 465 731 548 elegiae
749 485 820 530 esse
841 465 992 530 voluisse.
1028 463 1143 530 Habes
1164 463 1266 548 igitur
1285 463 1348 529 hoc

169 596 301 661 poema:

297 682 414 771 Ὦραῖος
435 685 487 748 καὶ
503 683 606 767 Ἔρως
627 684 835 767 ἐπιτέλλεται,
859 681 950 773 ἡνίκα
970 707 1030 771 περ
1052 693 1093 773 γῆ

373 794 501 860 ἄνθεσιν
520 795 667 879 εἰαρινοῖς
688 795 803 861 θάλλει
826 794 987 883 αἐξομένη,

296 915 393 995 τῆμος
408 905 512 990 Ἕριος
530 905 699 990 προλιπών
721 907 860 991 Κύπρον,
885 909 1075 994 περικαλλέα
1096 912 1195 994 νῆσον,

373 1013 450 1085 εἶσιν
471 1017 524 1082 ἐπ’
545 1015 737 1101 ἀνθρώπους
758 1024 883 1104 σπέρμα
904 1024 1010 1105 φέροιο
1031 1017 1109 1083 κατὰ
1130 1024 1196 1106 γῆς,

299 1125 383 1207 ὅστις
402 1152 449 1196 σοι
470 1127 631 1213 βούλευσεν
653 1128 729 1211 ἐμεῦ
752 1135 825 1215 πέρι
846 1130 898 1192 καὶ
918 1127 1101 1194 σ’ἒκέλευσεν

266 1234 272 1257 “
374 1240 520 1320 οἴχεσθαι
543 1236 740 1325 προλιπόνθ’
762 1236 914 1326 ἡμετέρην
934 1240 1052 1324 φιλίην.

168 1396 219 1460 At
243 1394 305 1460 hoc
332 1414 449 1478 poema
479 1400 547 1459 tam
576 1394 724 1476 ineptum
754 1399 787 1459 et
823 1394 978 1459 miserum
1006 1397 1070 1474 est,
1104 1393 1201 1476 quale
1229 1397 1348 1458 auctor

169 1504 359 1589 appendicis
378 1525 545 1587 nunquam
563 1503 735 1570 commisit.
766 1503 871 1569 Doleo
892 1503 996 1586 igitur
1018 1524 1069 1567 me
1084 1502 1215 1569 Hillero
1238 1523 1347 1569 assen-

168 1614 224 1680 tiri
246 1635 312 1679 non
335 1636 441 1698 posse.
486 1614 594 1680 Immo
622 1636 694 1680 cum
718 1614 865 1698 Bergkio
896 1614 1061 1681 distichon
1091 1613 1236 1680 arbitror
1261 1613 1347 1698 frag-

168 1730 311 1791 mentum
328 1746 397 1791 esse
414 1724 538 1807 elegiae
554 1747 641 1791 nunc
664 1726 804 1791 amissae
824 1725 978 1809 idemque
1001 1726 1184 1809 antiquitus
1206 1725 1240 1789 in
1263 1725 1348 1790 libro

166 1836 316 1922 stlocum
338 1835 502 1918 habuisse,
525 1837 613 1902 unde
634 1837 667 1901 in
691 1836 811 1902 librum
829 1861 850 1900 α
871 1835 1078 1904 translatum.

253 1946 340 2013 Item
370 1947 456 2011 omui
488 1946 726 2030 probabilitate
757 1952 848 2012 caret
868 1968 981 2013 versus
1006 1947 1120 2031 110718
1143 1945 1186 2011 ab
1213 1951 1348 2010 auctore

167 2079 280 2124 musae
314 2057 452 2140 puerilis
483 2057 632 2122 versibus
668 2057 837 2122 1311-18
868 2061 907 2122 ut
938 2056 1037 2121 finem
1078 2057 1223 2122 adnexos
1265 2076 1347 2122 esse.

166 2168 319 2251 Namque
341 2188 473 2232 carmen
497 2167 697 2232 antecedens
721 2191 749 2236 v.
771 2171 852 2233 1318
874 2167 921 2232 ita
939 2166 1127 2233 absolutum
1150 2187 1220 2232 esse
1244 2167 1347 2232 mani·

169 2280 308 2359 festum,
342 2283 379 2342 ut
412 2276 575 2342 distichon
606 2279 721 2359 110718
750 2278 841 2343 nullo
869 2277 968 2343 modo
999 2300 1072 2344 cum
1111 2278 1159 2344 eis
1192 2277 1347 2361 coniungi

167 2391 282 2473 possit.

254 2496 374 2582 Neque
397 2499 438 2564 de
458 2521 507 2563 vu.
529 2499 644 2584 949be
667 2504 744 2563 ante
767 2501 1003 2564 νν.1279-82
1025 2499 1186 2583 repetitis,
1211 2520 1242 2582 q.
1260 2518 1285 2562 e.

339 2634 461 2720 Νεβρόν
482 2629 565 2715 ὑπὲξ
582 2633 714 2719 ἐλάφοιο
736 2635 815 2699 λέων
836 2633 881 2713 ὡς
897 2633 970 2700 α’λκὶ
991 2633 1162 2711 πεποιθώς

425 2745 518 2811 ποοοὶ
536 2744 762 2833 καταιμάρψας
780 2744 914 2828 αἵματος
934 2744 990 2811 οὐκ
1012 2744 1111 2821 ε’πιον,

169 2921 250 2985 quos
279 2899 388 2966 Hiller
422 2899 599 2982 plagiatori
639 2900 769 2965 initium
807 2900 960 2965 carminis
993 2900 1197 2982 insequentis
1231 2899 1347 2964 fecisse

169 3013 365 3092 arbitratur,
394 3032 447 3077 res
469 3012 518 3077 ita
539 3031 574 3075 se
597 3010 715 3091 habet,
750 3032 948 3095 quamquam
977 3010 1059 3075 illud
1089 3010 1197 3094 primo
1228 3009 1346 3074 obtutu

168 3124 311 3207 speciem
340 3122 508 3206 quandam
537 3122 646 3189 habet.
692 3121 799 3187 Poeta
827 3122 912 3186 euim
941 3123 1123 3187 amatorius
1147 3120 1173 3184 si
1194 3119 1278 3184 illud
1301 3118 1346 3185 fe·

169 3235 278 3315 cisset,
302 3236 370 3299 sine
394 3233 494 3299 dubio
518 3232 681 3297 distichon
700 3253 765 3297 non
785 3254 845 3315 per
866 3253 901 3296 se
923 3232 1028 3297 solum
1049 3232 1256 3311 collocasset,
1289 3228 1348 3295 sed

167 3366 241 3410 oum
271 3343 418 3409 versibus
449 3343 700 3424 insequentibus
734 3343 768 3406 in
799 3363 899 3407 unum
923 3363 1053 3408 carmen
1077 3340 1347 3426 conglutinasset.

168 3452 287 3539 Neque
308 3473 386 3520 vero
408 3473 544 3535 prorsus
567 3459 644 3536 apte
668 3451 823 3536 coniungi
849 3458 971 3537 potest,
1003 3453 1213 3536 quodetiam
1236 3450 1348 3517 Hiller

169 3565 311 3632 sensisse
334 3563 472 3644 videtur,
496 3583 569 3628 cum
589 3562 623 3626 in
639 3562 865 3646 Anthologiae
880 3564 940 3648 lyr.
960 3564 1104 3629 editione
1128 3569 1248 3646 quarta
1270 3582 1291 3626 a
1312 3582 1347 3627 ee

169 3682 284 3742 curata
315 3694 428 3739 versus
462 3677 544 3738 1278
572 3695 608 3754 c,
640 3674 660 3738 d
696 3694 770 3738 cum
806 3678 887 3739 1279
908 3695 978 3758 sqq.
1014 3678 1209 3739 connectere
1247 3692 1348 3740 ausus

168 3787 308 3852 nonsit.

254 3897 317 3966 Vv.
335 3899 448 3983 115112
472 3897 613 3980 denique
634 3896 832 3963 documento
856 3903 933 3962 sunt
950 3916 1048 3980 quam
1070 3915 1226 3978 perversa
1249 3914 1347 3977 argu-

168 4010 339 4076 mentandi
370 4008 501 4074 ratione
528 4007 739 4092 parodiarum
770 4014 960 4092 captatores
991 4011 1138 4071 utantur.
1192 4005 1349 4094 Redeunt

168 4123 253 4187 cuim
277 4121 310 4185 in
325 4120 410 4186 libro
425 4119 531 4185 altero
550 4124 628 4185 ante
642 4142 670 4183 ν.
691 4123 773 4185 1239
792 4139 876 4203 sqq,
896 4119 945 4182 ita
969 4123 1080 4182 tamen
1101 4123 1139 4182 ut
1161 4116 1347 4183 arctissimo

168 4231 297 4297 vinculo
315 4252 388 4297 cum
406 4231 473 4296 illis
489 4231 641 4314 coniungi
666 4235 699 4295 et
721 4229 860 4312 elegiam
876 4248 974 4293 uuam
991 4228 1215 4310 integramque
1237 4225 1348 4293 facere
