3036 4844
654 280 905 340 -32-.

169 466 294 533 Omnes
316 469 348 531 hi
372 476 440 533 tres
463 490 574 534 versus
597 470 629 531 in
654 468 765 551 elegiis
789 471 831 534 ad
854 467 1001 553 Cyrnum
1027 473 1158 555 scriptis
1182 475 1348 556 leguntur.

169 579 241 642 Iam
270 579 324 643 hio
355 581 471 645 haeret
504 601 599 662 aqua.
657 580 745 645 Nam
770 583 943 646 materiam
974 581 1143 648 difficilem
1177 584 1350 666 tetigimus

168 691 366 774 plenamque
401 691 557 775 periculi,
590 693 821 774 repetitiones,
851 694 891 758 de
924 693 1043 776 quibus
1079 695 1286 761 confidenter
1319 706 1351 760 61

170 805 261 866 66616
287 802 432 867 iudicare
456 801 670 888 666116611).
715 804 829 888 Atque
860 805 887 868 si
907 804 971 868 hoc
995 803 1181 887 Theognidi
1204 807 1237 870 in
1265 807 1351 872 libro

168 913 272 997 primo
288 914 484 997 permissum
503 919 577 978 erat
588 951 629 961 —
641 915 729 997 quod
742 915 894 999 equidem
907 935 969 979 non
983 915 1148 980 (1616116-
1163 918 1219 1000 qui
1239 924 1352 1001 potest

133 1028 136 1033 ’
172 1027 245 1108 quis
268 1024 435 1091 affirmare
457 1046 529 1089 eum
553 1025 609 1108 qui
630 1025 664 1088 iu
683 1024 770 1090 libro
793 1030 964 1108 dversum
987 1027 1078 1091 τοῦθ’
1100 1024 1200 1111 ἕρδειν
1221 1052 1247 1094 κ.
1271 1053 1297 1092 τ.
1322 1031 1348 1093 λ.

171 1137 342 1201 iteraverit
377 1134 599 1216 Theognidem
638 1157 709 1201 esse
745 1158 811 1201 non
848 1135 970 1220 posse?
1007 1136 1127 1221 Itaque
1166 1142 1349 1205 sententiae

171 1247 303 1313 illorum
323 1247 480 1313 accedere
503 1268 639 1330 nequeo.

256 1359 307 1423 At
330 1379 441 1422 versus
466 1362 580 1441 111718

327 1513 457 1594 Uinius,
479 1515 566 1575 θεῶν
585 1512 733 1577 κάλλιπε
755 1513 806 1576 καὶ
828 1512 1024 1596 intenebrare
1046 1513 1184 1589 πάνιων,

419 1622 474 1686 oliv
495 1624 543 1686 ool
566 1624 732 1700 καὶκακὸς
753 1618 797 1687 ὢν
819 1629 937 1707 γίνεῑαι
961 1621 1076 1701 ἐσθλός
1095 1622 1174 1710 ἀνὴρ

172 1777 383 1842 manifestum
414 1783 465 1842 est
493 1777 673 1860 plagiatori
708 1778 879 1841 materiam
912 1777 1041 1842 dedisse
1077 1778 1235 1860 parodiae
1266 1799 1350 1860 quae

171 1910 220 1953 vv.
245 1888 359 1973 136516
382 1893 488 1954 exstet
500 1888 540 1967 2);

325 2032 360 2104 Ὠ
379 2042 502 2107 παίδων
522 2042 670 2108 κάλλιπε
691 2043 743 2106 καὶ
766 2042 965 2124 ἱμεροέσιατε
984 2042 1120 2122 πάντων,

419 2152 513 2238 nrqd'
536 2151 635 2217 αὐτοῦ
656 2158 709 2217 καί
730 2176 791 2233 μου
815 2149 912 2235 παῦρ’
934 2151 1104 2217 ἐπάκουσον
1127 2151 1198 2237 ἔπη.

175 2305 375 2370 Persuasum
398 2304 499 2386 igitur
521 2305 645 2370 habent
667 2306 717 2370 illi
738 2306 876 2370 Plutum
900 2305 996 2370 deum
1020 2307 1090 2371 iure
1114 2313 1147 2370 et
1167 2305 1198 2369 vi
1219 2305 1352 2388 propria

175 2416 319 2480 omnium
349 2415 607 2499 pulcherrimum
635 2424 668 2483 61
697 2418 963 2482 amoenissimum
998 2416 1158 2500 appellari
1192 2416 1351 2499 potuisse,

175 2548 241 2591 non
261 2547 399 2610 puerum
422 2533 579 2608 amatum,
602 2529 651 2592 ita
673 2536 711 2592 61
726 2549 754 2592 v.
777 2531 859 2591 1365
882 2526 1099 2592 imitationem
1123 2548 1193 2592 6666
1220 2546 1351 2590 6666666

175 2639 227 2703 sit.
284 2637 449 2722 Equidem
476 2640 677 2704 contrarium
708 2638 919 2718 crediderim,
954 2640 1014 2702 scil
1044 2639 1105 2703 hoo
1136 2638 1175 2702 (16
1206 2636 1351 2722 ἐρωμένῳ

176 2754 253 2832 apte
284 2749 367 2832 dici,
400 2749 440 2815 de
463 2749 563 2815 Pluto
594 2772 659 2815 non
688 2750 752 2813 nisi
784 2749 946 2813 translate
978 2756 1011 2814 et
1041 2755 1207 2814 auctorem
1238 2769 1350 2812 versus

179 2863 261 2925 1117
293 2860 401 2926 locum
425 2868 544 2945 poetae
568 2863 651 2926 alius
677 2867 836 2944 spectare.
882 2860 1001 2945 Itaque
1024 2869 1082 2925 aut
1103 2884 1132 2925 v.
1151 2864 1232 2924 1117
1256 2881 1352 2942 paro·

177 2971 232 3038 dia
265 2980 316 3038 est
349 2994 460 3038 versus
493 2974 658 3038 1616616616
682 2959 763 3038 1365
788 2981 846 3037 661
876 2973 1019 3055 scriptor
1053 2978 1191 3054 uterque
1220 2978 1351 3053 poetam

178 3086 311 3149 tertium
335 3085 553 3168 antiquiorem
575 3085 723 3149 imitatus
748 3091 806 3148 est.

262 3192 380 3277 Neque
403 3196 500 3259 aliter
529 3218 581 3259 res
608 3218 641 3259 se
665 3195 764 3259 habet
793 3193 833 3257 (16
859 3215 903 3257 vv.
924 3197 1006 3257 1353
1029 3200 1063 3256 61
1087 3191 1200 3272 301³).
1245 3191 1348 3256 Prae·

179 3304 302 3368 clarum
342 3306 426 3368 enim
468 3326 599 3369 sensum
635 3304 795 3387 praebere
828 3324 941 3367 versus
980 3304 1052 3367 loco
1091 3301 1245 3366 inferiore
1280 3301 1351 3384 quis

179 3414 301 3498 neget?
346 3413 425 3479 Scil.
457 3415 553 3479 simul
584 3414 711 3478 dulcem
744 3422 776 3476 et
806 3434 953 3476 amarum
984 3433 1054 3477 esse
1085 3433 1249 3493 amorem,
1283 3412 1352 3476 ille·

178 3526 350 3591 cebrarum
373 3525 505 3608 plenum
530 3533 561 3589 et
584 3524 740 3603 duritiae,
772 3524 848 3587 dum
872 3524 940 3588 voti
962 3544 1097 3606 compos
1116 3522 1184 3586 fiat.
1229 3521 1354 3588 Contra

265 3724 287 3792 ι)
305 3721 434 3790 Egerunt
460 3720 495 3773 (16
522 3721 565 3773 his
588 3719 720 3774 Schsefer
746 3720 775 3772 in
801 3720 897 3774 libello
921 3738 970 3773 suo
995 3720 1031 3773 (16
1055 3718 1162 3772 iteratis
1188 3737 1231 3788 ap.
1250 3719 1355 3788 Theog.

178 3808 303 3862 distichis
321 3813 349 3861 et
366 3808 458 3861 (lacer
476 3807 503 3859 16
522 3805 623 3860 Philol.
644 3808 709 3859 1691
727 3823 754 3874 p.
772 3806 824 3858 529
842 3823 901 3875 sqq.
915 3805 1048 3860 Schnefer
1060 3821 1155 3857 versus
1168 3805 1229 3857 illos
1242 3805 1354 3872 quidem

180 3895 237 3959 128,
254 3896 313 3960 540,
332 3896 382 3946 551
400 3894 428 3946 16
447 3892 629 3946 formularum
648 3909 763 3946 numero
780 3890 923 3945 habendos
940 3891 1042 3944 merito
1060 3895 1141 3959 putat
1158 3908 1185 3958 p.
1203 3894 1229 3943 4.

265 3979 288 4046 ²)
307 3979 440 4034 Riutelen
458 3996 484 4047 p.
503 3981 551 4045 393
570 3995 625 4031 van
643 3977 693 4031 der
711 3977 774 4046 Moy
787 3995 813 4046 p.
826 3979 875 4043 35;
894 3977 1016 4029 (1666666
1028 3992 1056 4043 p.
1068 3979 1102 4028 22
1115 3981 1144 4028 61
1156 3976 1202 4041 37,
1221 3975 1355 4029 Schaeler

179 4083 206 4134 p.
224 4068 242 4118 4
259 4083 298 4133 sq.
335 4066 375 4118 (11.
394 4063 555 4118 Rennerum
573 4081 599 4132 p.
619 4065 649 4116 21
670 4081 696 4116 n.
715 4065 757 4116 39.

266 4151 288 4217 ⁸)
308 4151 440 4204 Welcker
457 4167 477 4219 p
497 4152 544 4215 60;
563 4148 696 4203 Riutelen
714 4166 741 4216 p.
760 4150 806 4213 39;
825 4164 879 4200 vau
897 4146 947 4199 der
964 4145 1030 4213 Moy
1048 4164 1075 4214 p.
1089 4148 1135 4212 35;
1156 4145 1246 4198 (louet
1264 4164 1290 4215 p.
1304 4147 1356 4199 276

180 4254 233 4304 sq.;
252 4236 374 4290 Gorsenn
392 4255 418 4304 p.
431 4238 473 4301 21,
492 4237 533 4301 29,
552 4237 594 4300 37,
612 4236 659 4300 43,
679 4234 917 4302 861666166633.
