3036 4844
655 282 868 343 „47-

172 472 250 554 quin
264 474 414 558 exempla
425 474 485 539 illa
500 475 663 540 vocalium
682 499 708 538 ω
719 499 745 560 ῳ
758 498 807 558 pp
824 479 884 541 etc.
906 496 967 558 pro
986 475 1071 540 veris
1088 477 1351 559 correptionibus

171 583 363 667 accipienda
385 585 451 650 sint
472 585 545 667 ubi,
575 583 718 650 fortasse
746 585 778 649 vi
806 586 900 666 arsis,
931 587 1040 652 vocali
1070 589 1186 670 longae
1215 588 1350 671 paulum

171 697 328 779 temporis
344 695 525 762 detructum
547 697 591 761 sit
606 696 712 761 vocali
730 697 931 779 insequente.
965 697 1061 764 Haec
1084 699 1183 780 igitur
1204 699 1350 787 Homero

173 824 238 870 non
261 804 490 888 detorquenda
512 809 634 888 sunt1).

257 915 324 982 Sed
340 917 440 982 etiam
457 917 497 982 de
513 916 659 982 Hartelii
678 919 843 983 sententia
859 919 1008 1000 quamvis
1032 939 1185 1001 magnam
1208 921 1350 1003 speciem

171 1027 304 1109 habeat,
328 1026 490 1093 confiteor
512 1028 593 1093 mihi
616 1028 742 1112 aliquid
766 1027 983 1093 dubitationis
1005 1049 1184 1095 remanere.
1225 1029 1350 1098 Verum

171 1160 243 1204 cum
268 1138 403 1203 difficile
433 1139 477 1202 sit
504 1139 573 1204 viro
602 1144 715 1206 tautae
738 1140 947 1206 auctoritatis
976 1138 1120 1222 obloqui,
1153 1142 1350 1223 praesertim

172 1271 245 1315 cum
275 1251 309 1315 in
336 1248 435 1314 rebus
463 1250 586 1316 talibus
615 1272 680 1315 nou
704 1249 787 1316 adeo
809 1258 959 1317 versatus
982 1251 1053 1332 sim,
1084 1251 1232 1317 modeste
1256 1251 1349 1317 dubi·

168 1361 312 1426 tationes
329 1360 477 1425 obiectas
496 1361 602 1427 velim.
636 1360 731 1426 Haec
748 1369 857 1428 autem
870 1369 947 1428 sunt
958 1361 1079 1446 quibus
1096 1363 1139 1427 ad
1153 1363 1347 1428 senteutiam

52 1462 55 1467 ’
168 1469 256 1535 illius
276 1470 433 1536 accedere
448 1471 634 1554 prohibeor.
673 1470 709 1538 Si
729 1473 801 1555 quis
820 1493 890 1537 rem
906 1472 990 1538 adeo
1003 1494 1121 1538 novam
1139 1473 1350 1541 introducere

170 1581 250 1663 vult,
273 1581 474 1664 gravissimis
495 1583 698 1664 argumentis
722 1582 886 1648 sententia
905 1583 1072 1649 sollemnis
1095 1584 1279 1652 refellenda
1301 1593 1351 1653 est

170 1692 541 1777 demonstrandumque,
560 1714 630 1759 rem
653 1693 840 1758 necessario
866 1693 914 1756 ite
934 1695 1159 1777 accipiendam
1184 1718 1263 1778 esse,
1283 1714 1349 1763 non

169 1803 276 1871 aliter.
311 1802 436 1871 Verum
455 1810 650 1887 argumenta
665 1805 753 1869 illius
767 1826 831 1869 non
848 1805 959 1885 magni
977 1806 1133 1869 momenti
1152 1814 1229 1870 sunt
1248 1813 1348 1890 atque

168 1899 280 1997 potius
311 1914 546 1981 demonstravit
575 1917 707 1982 vocales
740 1915 799 1979 illo
831 1915 931 1981 modo
963 1916 1176 1998 pronunciari
1204 1917 1349 1999 potuisse

171 2046 268 2108 quam
283 2028 519 2108 pronunciatas
536 2050 617 2094 esse.
652 2026 757 2095 Velut
772 2026 862 2108 quod
877 2027 911 2090 in
927 2026 1082 2092 interiore
1098 2032 1194 2108 parte
1209 2027 1349 2092 vocabu·

172 2135 279 2201 lorum
301 2157 366 2202 non
394 2160 470 2204 raro
493 2138 715 2224 diphthongos
741 2143 818 2202 ante
848 2138 929 2202 alias
959 2136 1092 2202 vocales
1115 2142 1259 2202 mutatus
1278 2159 1349 2204 esse

169 2247 204 2311 in
215 2248 363 2315 vocalem
373 2249 507 2315 brevem
518 2257 552 2316 et
563 2249 792 2316 semivocalem
805 2249 915 2330 evicit,
933 2248 995 2312 hae
1012 2254 1125 2313 tamen
1138 2249 1349 2332 exceptiones

170 2366 263 2441 suut;
293 2359 487 2444 plerumque
517 2360 715 2445 diphthongi
746 2365 822 2427 aute
844 2358 976 2425 vocales
1000 2359 1183 2426 collocatae
1204 2381 1348 2442 pronun·

171 2470 347 2536 ciationsm
380 2473 582 2556 peculiarem
612 2473 764 2537 retinent.
809 2469 885 2536 Hac
921 2491 957 2536 re
989 2471 1091 2554 igitur
1120 2491 1186 2535 non
1216 2470 1348 2538 demon·

170 2586 294 2647 stratur
315 2580 539 2667 diphthongos
561 2583 677 2649 finales
699 2582 792 2646 illum
819 2602 917 2666 quem
940 2580 1063 2646 Hartel
1093 2581 1211 2647 statuit
1233 2603 1348 2648 sonum

170 2691 334 2759 habuisse.
378 2693 485 2760 Porro
509 2695 598 2780 quod
620 2695 661 2760 de
682 2695 791 2778 prima
810 2692 896 2759 thesi
913 2691 1020 2774 quinti
1038 2690 1131 2773 pedis
1154 2691 1206 2770 (ΙΙ
1221 2714 1253 2776 p.
1273 2698 1348 2773 376)

171 2807 205 2867 et
227 2803 267 2869 de
288 2805 440 2870 secundis
468 2806 617 2871 thesibus
641 2805 741 2890 (Hp.
765 2809 827 2870 375
851 2808 884 2868 et
906 2800 965 2866 III
987 2823 1020 2884 p.
1034 2801 1128 2885 46)²)
1152 2801 1243 2881 dicit,
1266 2804 1347 2867 nihil

170 2914 266 2979 valet.
311 2914 417 2980 Immo
439 2916 474 2981 in
498 2917 603 2982 altera
625 2917 711 2982 thesi
729 2935 887 3000 persaepe
904 2910 939 2976 id
959 2911 1184 2992 occurritque
1201 2912 1349 2978 Hartelii

170 3024 334 3090 sententia
362 3028 444 3093 mihi
473 3028 590 3094 cadere
619 3028 760 3108 videtur,
794 3023 1024 3108 interpunctio.
1069 3021 1110 3085 In
1143 3020 1238 3086 libris
1268 3049 1348 3090 u-e

170 3155 251 3219 quos
272 3137 412 3220 exempli
428 3158 529 3204 causa
548 3139 747 3221 perlustravi
762 3137 943 3224 (particula
957 3136 1010 3201 καί
1025 3131 1168 3215 seclusa)
1190 3134 1223 3197 in
1243 3137 1347 3218 primo

169 3246 253 3329 pede
268 3246 380 3313 hiatus
396 3249 559 3333 dactylici,
582 3256 621 3315 ut
636 3252 699 3315 hoc
714 3250 815 3316 verbo
834 3255 920 3331 utar,
942 3252 1002 3314 123
1019 3249 1182 3326 leguntur,
1207 3267 1345 3331 quorum

168 3359 210 3422 46
240 3349 543 3442 interpunctionem
571 3363 757 3446 graviorem
787 3361 918 3443 habent,
949 3361 970 3426 i.
994 3382 1021 3426 e.
1044 3362 1115 3429 fere
1137 3362 1238 3431 tertia
1258 3383 1346 3445 pars,

171 3472 210 3532 77
230 3469 529 3553 interpunctionem
552 3494 616 3537 non
640 3473 778 3553 habent3
801 3474 835 3538 iu
858 3479 978 3557 quarto
994 3473 1078 3558 pede
1101 3474 1211 3540 hiatus
1235 3474 1347 3557 dacty-

256 3711 279 3776 ¹)
298 3709 391 3764 Christ
408 3710 531 3766 Mobile'
548 3711 565 3780 fi
582 3713 616 3764 46
635 3710 671 3763 ad
690 3709 829 3764 Grulichii
846 3712 1013 3764 senteutiam
1032 3712 1156 3766 accessit.

255 3812 280 3882 2)
297 3810 346 3866 111
362 3831 389 3883 p.
403 3815 451 3867 46:
483 3812 560 3867 Dare
583 3812 643 3867 eine
666 3811 754 3867 soleba
777 3813 1026 3884 Ldntuerbs'ndnng
1047 3812 1171 3867 wirldicb
1195 3811 1346 3879 etattfand,

168 3897 332 3968 etcttfinden
349 3902 460 3966 nensete,
475 3900 541 3970 geht
557 3898 664 3954 durans
680 3897 785 3961 berver,
805 3898 869 3953 duae
881 3898 952 3954 dieee
964 3898 1157 3968 Bracheinnny
1172 3896 1271 3967 gnada
1283 3896 1347 3952 dort

167 3983 249 4040 ibren
267 3984 329 4040 Sin
345 3986 410 4052 bat,
435 4002 475 4040 wo
498 3989 576 4040 eonet
600 3983 645 4039 ein
663 3983 829 4038 Einscbnitt
845 3983 923 4038 nicht
938 3982 1037 4054 peliebt
1054 3982 1118 4038 oder
1134 3981 1269 4053 yncdnn
1286 3999 1345 4036 oer-

162 4072 237 4141 punt
253 4071 299 4126 ist.
336 4071 394 4126 Mn
417 4071 538 4128 Vorln‘ebe
562 4069 633 4126 wind
659 4069 703 4125 die
725 4069 819 4124 aweite
837 4068 932 4123 Kslrze
955 4067 1020 4122 oder
1040 4067 1135 4123 Thacia
1162 4066 1249 4122 durch
1267 4067 1346 4122 einen

168 4155 333 4228 Dipbtbcng
355 4155 485 4228 gebildet,
510 4195 616 4214 ......
641 4156 713 4212 donn
739 4155 783 4211 die
807 4153 947 4210 einzelnen
970 4152 1114 4220 Vereft'c'eee
1136 4153 1215 4208 enebt
1232 4169 1300 4208 mun
1317 4167 1346 4206 ro

167 4239 221 4296 ciel
234 4241 285 4296 wic
301 4241 417 4313 mdyb'cb
437 4259 473 4298 an
490 4241 684 4312 cerscblingen.
