3036 4844
657 240 935 301 —18-·

340 429 444 517 Κύρνε,
466 431 566 518 φίλους
587 430 661 494 κατὰ
683 435 791 501 πάντας
814 429 961 516 ἐπίστρεφε
983 429 1104 492 ποικίλον
1127 429 1209 513 ἦθος,

339 545 425 632 ὅρηην
449 547 611 629 συμμίσρων
634 545 721 630 ἥντιν’
747 546 865 616 ἕκαστος
887 545 955 632 ἔχει,

339 659 491 725 Πουλὸπου
515 661 600 748 ὅρηὴν
622 661 687 747 ἴσχε
709 661 898 738 πολυπλόκου,
922 662 954 732 ὅς
975 660 1037 725 ποτί
1059 661 1159 748 πέτρη,

339 778 377 858 τη
399 776 605 863 προςυριληση,
628 783 700 846 τοῖος
721 775 787 838 ἰδεῖν
811 774 913 862 ἐφάνη.

338 899 386 955 νῦν
410 891 461 975 μὲν
484 892 549 975 τῇδ’
575 892 690 979 ἐρὲπευ,
713 889 776 955 τοτὲ
799 892 943 963 δ’ἀλλοίυς
965 895 1038 978 χρόα
1060 893 1143 976 ηίνευ.

337 1008 465 1094 κρέσσων
488 1030 530 1071 τοι
553 1009 639 1095 συρίη
662 1008 763 1092 γίνεται
788 1008 930 1094 ἀτροπίης.

267 1142 417 1225 Apparet
456 1161 498 1208 ex
540 1141 592 1208 his
635 1139 787 1208 versibus
818 1145 919 1224 poeta
951 1139 1152 1225 dignissimis
1180 1141 1277 1223 istos,
1310 1140 1354 1208 de

177 1258 296 1340 quibus
313 1256 586 1341 supradiximus,
603 1261 788 1323 contractos
805 1275 877 1324 esse
893 1262 926 1323 et
942 1256 1062 1323 omisso
1075 1255 1182 1323 medio
1199 1256 1353 1339 distioho,

176 1394 240 1456 quo
264 1373 433 1456 Theognis
456 1373 566 1440 neseio
595 1392 638 1440 on
665 1377 781 1455 poetes
810 1372 1013 1454 antiquiores
1036 1374 1193 1454 seoutus,¹
1240 1372 1350 1456 Cyrno

176 1488 289 1573 polypi
311 1489 433 1573 pelagii
455 1493 610 1556 naturam
634 1490 676 1555 ed
699 1489 896 1557 imitandum
919 1489 1086 1572 proponit,
1110 1489 1181 1555 fieri
1204 1508 1269 1555 non
1292 1507 1353 1571 po·

176 1604 294 1686 tuisse,
318 1605 397 1687 quin
424 1604 488 1688 rpt’
513 1609 547 1672 et
568 1608 642 1692 χρόα
664 1605 758 1688 pereo,
782 1623 866 1687 quae
890 1605 932 1672 od
961 1605 1137 1673 bestiolam
1159 1606 1252 1672 illam
1275 1624 1354 1688 per-

175 1719 330 1801 tinerent,
363 1725 580 1787 mutarentur.
632 1720 764 1804 Quanto
799 1726 911 1787 autem
944 1721 1062 1788 melius
1093 1720 1216 1788 dietum
1244 1720 1353 1788 sitin

175 1835 290 1903 ultimo
325 1841 531 1918 pentametro
564 1837 666 1920 ηίνεται
701 1838 836 1922 ἀτροπίης
870 1855 970 1918 quam
1003 1835 1051 1899 καί
1085 1837 1215 1921 ρεηοίλης
1243 1839 1353 1924 ἀρετῆς,

175 1951 270 2019 facile
294 1958 345 2019 est
367 1952 410 2019 ad
432 1952 696 2035 intellegendum.

261 2067 302 2134 In
323 2067 501 2134 verborum
525 2072 636 2136 autem
660 2067 875 2134 oolloootiono
891 2066 976 2153 ὀργὴν
992 2069 1155 2152 σορρίσρων
1171 2086 1353 2150 possumus

174 2183 382 2264 eoquiesoere
410 2202 515 2264 neque
544 2201 627 2264 opus
660 2188 711 2250 est
746 2181 953 2275 traieotione,
987 2201 1086 2264 quam
1110 2182 1154 2250 ad
1178 2184 1352 2265 exemplar

173 2319 204 2364 v.
226 2304 290 2363 312
319 2300 463 2381 ηινωσκων
495 2297 580 2384 ὅρηην
609 2298 695 2381 ἥντιν’
725 2298 843 2368 ἕκαστος
871 2297 930 2383 ἔχει
963 2298 1085 2364 factam
1120 2318 1192 2366 esse
1226 2298 1351 2380 proba·

174 2413 238 2480 bile
262 2419 322 2480 est.

262 2529 358 2613 Quod
381 2528 447 2595 ism
470 2527 504 2594 in
523 2549 555 2595 v.
573 2534 639 2595 214
654 2528 807 2611 vidimus,
831 2528 1058 2596 traiectionem
1076 2529 1148 2597 dieo
1164 2529 1349 2611 primorum

175 2663 290 2713 versus
313 2645 561 2728 vocabulorum,
585 2644 673 2711 idem
695 2644 729 2710 in
752 2665 784 2711 v.
809 2649 986 2710 367—368
1010 2645 1153 2712 ooourrit

385 2769 430 2834 Οὐ
452 2770 573 2854 δύναμαι
594 2775 697 2854 ηνιῖιναι
719 2773 781 2834 νόον
806 2772 899 2834 ἀστῶν
923 2771 1005 2834 ὅντιν’
1031 2769 1141 2856 ἔχουσιν

385 2878 448 2941 οὔτε
471 2879 524 2964 ηοίρ
548 2877 579 2940 εὖ
603 2877 693 2966 ἔρδων
717 2877 829 2941 ἁνδάνω
853 2877 917 2940 οὔτε
939 2883 1047 2953 κακῶς,

172 3021 226 3101 qui
249 3001 325 3103 post
346 3040 378 3086 v.
405 3026 491 3087 1184
514 3020 563 3088 sio
585 3020 750 3087 immutati
773 3020 893 3088 iterum
917 3019 1032 3103 scripti
1055 3023 1145 3086 sunt:

384 3148 478 3209 ἀστῶν
501 3145 561 3208 ὅύιί
584 3145 704 3227 δύναμαι
727 3150 829 3228 ηνιῖιναι
852 3147 914 3206 νόον
937 3145 1019 3206 ὅντιν’
1044 3144 1155 3230 ἔχουσιν
1201 3152 1202 3156 ’

304 3267 305 3270 ’
382 3252 446 3315 οὔτε
468 3252 521 3338 ηόρ
545 3251 576 3314 εὖ
600 3251 689 3337 ἔρδων
714 3251 826 3314 όινδυίνω
851 3251 914 3314 οὔτε
936 3256 1042 3320 κακῶς.

196 3469 199 3473 .
258 3404 442 3470 Verborum
470 3402 620 3486 positura
646 3402 765 3485 prioris
799 3403 864 3469 looi
892 3402 923 3465 οὐ
946 3403 1066 3488 δύναμαι
1089 3408 1190 3486 γνῶναι
1218 3402 1348 3486 simpli-

169 3519 303 3586 cissimo
331 3525 383 3586 est
408 3537 513 3601 neque
547 3518 721 3600 quiequam
756 3537 816 3601 per
850 3537 886 3585 se
920 3519 1021 3587 habet
1054 3517 1265 3602 suspicionis,
1301 3520 1346 3585 os.

168 3655 199 3702 V.
225 3641 303 3701 695:
343 3635 374 3698 οὐ
402 3635 522 3717 δύναμαί
549 3656 603 3710 τοι,
637 3634 726 3717 θυμέ,
760 3643 915 3722 παρατηρεῖν
944 3638 1051 3722 ἄρμενα
1079 3641 1183 3710 πάντα,
1218 3635 1276 3701 ubi
1310 3640 1343 3701 et

169 3751 398 3819 Wordsworth
437 3745 624 3835 (Ἧιοοοιίί.ι
649 3750 807 3818 Cantebr.
851 3757 936 3817 1846
975 3773 1007 3834 p.
1043 3750 1101 3838 44)
1145 3757 1178 3818 et
1211 3752 1342 3820 Usener

167 3867 389 3954 (Fleckeiseni
412 3867 522 3934 annal.
546 3867 661 3950 philol.
689 3872 777 3933 1878
799 3888 830 3949 p.
856 3869 911 3954 69)
947 3867 1074 3949 epicam
1101 3867 1254 3935 infinitivi
1276 3868 1346 3934 for-

167 4003 254 4052 mam
278 3984 461 4071 παροσρέρεν
485 3983 583 4050 metri
609 4001 712 4050 eausa
734 3985 922 4050 restituunt.
962 3983 1010 4048 At
1025 3983 1130 4048 verba
1146 3983 1251 4050 altero
1267 3985 1346 4050 loeo

166 4100 307 4166 traieota

370 4201 465 4262 ἀστῶν
488 4197 548 4261 δὀὐ
572 4197 691 4280 dirupto
714 4202 817 4281 ηνιῖιναι
839 4198 902 4259 νόον
925 4195 1006 4258 ὅντιν’
1033 4195 1142 4282 ἔχουσιν

239 4385 249 4422 ¹
270 4388 306 4439 of.
326 4385 450 4453 Bergkii
469 4384 506 4438 ad
525 4399 553 4436 v.
573 4385 625 4437 215
645 4383 873 4438 adnotationem.
