3036 4844
655 268 865 355 ..69-

176 457 211 525 id
244 459 333 543 quod
366 460 438 527 sine
472 459 572 526 dubio
604 460 808 541 faciendum,
842 459 1020 525 lectionem
1052 459 1142 543 apud
1168 459 1350 544 Diogenem

175 570 287 637 Laert.
308 571 426 636 11130
447 578 609 637 servatam
631 570 864 654 pr'aeoptamus
886 592 915 654 q.
938 592 982 635 a:

377 714 492 781 induitis
513 715 552 802 δή
575 727 675 782 κεῖται
697 715 765 793 δῖος
785 712 1000 801 Ἀριστοκλέης.

259 861 293 926 A
325 861 518 945 Theognide
553 862 679 928 alienos
713 867 795 947 puto
829 860 1063 944 confectosque
1094 862 1137 927 ab
1164 860 1351 926 hominihus

174 973 254 1039 artis
273 972 451 1057 legumque
466 975 677 1040 metricarum
693 973 854 1058 imperitis
878 994 927 1037 vv.
944 976 1006 1036 270
1022 979 1056 1038 et
1077 976 1150 1055 932,
1173 993 1239 1056 qua
1260 992 1296 1037 re
1311 991 1351 1038 ex

175 1083 397 1167 Theognideis
419 1086 581 1150 eiciuntur
604 1082 746 1150 disticha
768 1087 917 1150 267-70
940 1089 974 1149 et
994 1085 1098 1169 931s2.

258 1194 482 1278 Xenophanis
528 1218 656 1262 versum
692 1197 883 1262 coniectura
926 1196 1036 1262 sanari
1079 1215 1176 1279 posse
1222 1195 1350 1279 opinor.

173 1305 312 1372 Conicio
334 1307 388 1370 καὶ
401 1307 480 1372 τάδε
502 1303 602 1392 φάσθ’
621 1306 703 1373 ἔπεα
726 1308 886 1392 scriptum
907 1308 1009 1374 fuisse
1027 1307 1077 1374 vel
1097 1307 1197 1389 talia3
1222 1303 1350 1372 Goebel

173 1415 277 1481 voluit
295 1418 348 1482 καὶ
369 1418 441 1483 τόδε
455 1417 628 1501 εἰπέμεναι,
653 1419 741 1502 quod
760 1425 870 1484 tamen
890 1419 1043 1485 alitteris
1062 1416 1195 1485 traditis
1217 1416 1350 1500 longius

173 1528 309 1594 recedit.
361 1527 562 1612 Theognidis
593 1529 734 1613 denique
764 1553 793 1594 v.
826 1533 888 1594 226
919 1531 973 1595 vix
1001 1530 1137 1596 dubium
1166 1530 1246 1614 quin
1283 1550 1349 1594 non

173 1644 263 1706 recte
286 1641 429 1724 scriptus
451 1641 503 1720 sit,
527 1661 602 1706 cnm
624 1639 754 1707 ἄπιστοι
777 1663 843 1707 non
859 1647 937 1725 apte
960 1663 1035 1706 cum
1056 1641 1261 1707 detondeatur
1276 1660 1350 1704 oon·

172 1753 336 1835 iungatur.
382 1749 492 1817 Video
515 1751 695 1834 Bergkium
719 1752 896 1818 coniecisse

375 1897 424 1963 coi
439 1896 473 1962 δὲ
496 1897 699 1963 deterrimae
719 1897 849 1978 μᾶλλον,
870 1894 993 1976 ἄπιστε,
1015 1890 1100 1962 ἅδον.

174 2040 270 2124 Quod
306 2042 388 2107 mihi
418 2043 551 2109 minime
581 2042 708 2128 placet,
741 2044 822 2125 quia
852 2037 871 2107 ὁ
906 2041 963 2123 μὲν
1000 2047 1035 2106 et
1073 2045 1117 2125 τῷ
1151 2040 1184 2105 δὲ
1225 2040 1349 2124 optime

174 2152 237 2218 sihi
269 2154 480 2238 respondent.
525 2155 579 2219 Ao
613 2175 653 2218 ne
683 2154 719 2218 id
748 2154 880 2238 quidem
910 2152 1001 2237 quod
1028 2151 1192 2219 Stohaeus
1222 2150 1353 2217 exhibet

175 2264 362 2348 comprobo,
386 2265 511 2349 quippe
533 2265 621 2348 quod
639 2266 737 2331 nimis
761 2265 983 2332 coniecturam
1007 2265 1132 2349 sapiat:

375 2416 422 2494 τῷ
444 2411 479 2476 δὲ
503 2411 708 2477 detentoria
728 2412 850 2494 μᾶλλον
871 2409 914 2476 ἔτ’
940 2410 999 2476 εἰσὶ
1022 2413 1122 2497 φίλαι.

175 2552 319 2623 Omnino
341 2555 500 2624 lectiones
524 2558 675 2624 codicum
698 2540 992 2642 Theognideorum'
1020 2559 1088 2625 fere
1110 2558 1260 2625 meliores
1282 2578 1352 2623 esse

173 2687 274 2751 quam
303 2669 486 2751 Athenaei,
527 2669 682 2752 Stobaei,
722 2676 904 2736 ceterorum
946 2669 1081 2735 testium
1121 2668 1351 2749 recentiorum,

174 2779 231 2862 qui
252 2799 352 2864 saepe
382 2801 441 2846 suo
471 2780 611 2847 arbitrio
649 2783 862 2862 mutaverint,
893 2802 966 2845 cum
998 2779 1109 2846 multis
1133 2778 1301 2846 consentio
1315 2780 1350 2863 ¹).

174 2887 261 2957 Vide
282 2911 323 2956 ne
346 2896 460 2957 nostro
481 2891 556 2957 loco
579 2895 679 2974 poeta
704 2890 781 2956 olim
804 2892 985 2975 scripserit:

381 3043 426 3121 τῷ
443 3037 477 3101 δὲ
497 3036 705 3102 detestentur
725 3036 846 3118 μᾶλλον
866 3032 985 3100 domei
1008 3029 1131 3099 θ’ὅόον.

260 3176 459 3264 correptum
471 3181 573 3264 igitur
593 3186 644 3248 est
660 3203 679 3246 a
698 3182 783 3246 veris
804 3182 910 3264 poetis
926 3182 1071 3264 artisque
1084 3201 1163 3246 suae
1180 3201 1245 3244 non
1260 3179 1350 3261 igna-

172 3291 219 3357 ris
248 3312 313 3356 non
337 3292 401 3356 nisi
426 3292 460 3356 in
486 3293 592 3376 primo
621 3299 655 3358 et
685 3299 805 3376 quarto
832 3293 916 3378 pede
937 3291 1144 3379 pentametri,
1163 3291 1185 3357 i.
1208 3312 1234 3358 e.
1255 3289 1349 3356 initio

173 3403 344 3486 utriusque
364 3425 478 3468 versus
496 3403 569 3470 coli.
613 3404 655 3470 In
671 3405 734 3471 hoc
757 3407 784 3471 si
809 3406 968 3472 indicium
984 3404 1121 3487 originis
1142 3403 1349 3486 agnoscimus

173 3516 388 3598 pentametri,
424 3515 480 3599 qui
513 3517 593 3581 item
622 3522 723 3600 atque
750 3519 943 3584 hexameter
970 3538 988 3581 e
1019 3514 1148 3580 duobus
1183 3513 1349 3580 versiculis

173 3633 347 3693 concretus
366 3627 496 3694 videtur
519 3648 601 3708 esee,
626 3628 717 3693 haud
740 3629 932 3694 errabimus.
976 3625 1065 3694 Vide
1088 3647 1172 3710 quae
1195 3625 1237 3691 de
1251 3625 1348 3690 hexa-

178 3743 283 3803 metro
306 3737 403 3803 nohie
420 3738 612 3804 verisimilia
633 3760 733 3821 supra
752 3761 784 3823 p.
806 3744 844 3804 51
861 3760 909 3821 sq.
929 3737 1147 3820 exposuimus.

258 3848 371 3916 Etiam
391 3852 424 3915 in
446 3854 652 3934 pentametro
675 3849 873 3932 correptioni
887 3847 1010 3914 vocalis
1032 3853 1108 3913 anta
1127 3845 1274 3914 vocalem
1294 3868 1349 3931 po·

263 4072 285 4138 ¹)
303 4069 344 4124 Of.
363 4069 396 4125 0.
415 4069 554 4140 Crueger:
579 4070 615 4123 de
638 4070 764 4123 locorum
782 4067 1026 4138 Theognideorum
1043 4068 1119 4138 apud
1137 4070 1246 4123 veteres
1263 4069 1349 4137 scrip·

173 4158 248 4209 tores
265 4156 433 4210 exstantium
450 4156 487 4211 ad
503 4160 612 4212 textum
624 4159 723 4226 postas
734 4152 939 4208 emendandum
955 4152 1048 4221 pretio
1067 4152 1144 4223 (dise.
1158 4152 1251 4223 inaug.
1264 4152 1348 4224 Regi-

173 4241 274 4297 montii
292 4243 379 4312 lasa).
