3036 4844
663 274 880 335 -51.-„

180 469 215 528 et
236 463 355 529 thesim
379 465 518 530 alteram
547 465 640 530 tertii
665 465 760 548 pedis
770 469 810 545 ¹);
838 466 979 531 maxime
1008 465 1148 547 deniquo
1168 466 1290 531 vitatur
1320 468 1365 536 in.

178 573 271 656 pedis
284 575 394 657 quarti
405 574 492 641 thesi
503 576 620 659 prima.
643 576 710 640 Hic
723 596 822 660 qnam
834 596 898 639 non
913 580 1041 640 amatus
1052 574 1163 658 fuerit,
1181 577 1278 641 etiam
1291 597 1358 641 ma·

178 686 228 767 gis
243 684 320 755 inde
333 693 474 770 apparet
487 685 577 770 quod
588 692 718 769 praeter
729 686 889 752 formulas
904 686 986 750 duas
998 706 1084 769 quae
1097 692 1175 751 sunt
1189 690 1275 751 θεῶν
1291 693 1355 752 etc.

179 794 379 878 οἳὍλυμπον
390 795 511 878 ἔχουσιν
523 799 548 878 ⁹)
565 793 752 883 et‘ilprmtoe
764 795 974 884 c’yppsisporso
997 796 1032 877 (α
1044 798 1116 878 241,
1141 798 1242 876 ξ371,
1266 823 1282 861 υ
1304 803 1358 877 77)

179 906 287 973 tribus
308 907 391 974 locis
415 909 494 974 solis
515 909 736 991 conspicitur:
754 917 782 972 Ω
803 913 854 984 67,
876 912 905 971 θ
926 911 999 989 356,
1022 931 1042 971 τ
1064 912 1136 973 196.
1181 908 1278 975 Haec
1304 932 1355 976 ra-

180 1019 262 1083 ritas
281 1039 356 1083 cum
378 1040 417 1084 eo
440 1018 636 1103 explicanda
655 1018 808 1083 videatur
830 1018 921 1102 quod
950 1018 1067 1102 pedem
1097 1024 1251 1100 quartum
1281 1043 1356 1088 oae-

181 1149 260 1194 sura
277 1129 447 1194 trochaica
464 1130 612 1194 incidere
623 1135 741 1212 poetae
757 1129 843 1211 epici
855 1149 955 1212 qnam
969 1130 1110 1194 maxime
1121 1131 1216 1194 veriti
1233 1137 1310 1197 sunt
1320 1133 1356 1215 ⁸),

181 1240 259 1305 hinc
277 1260 409 1323 quoque
429 1241 547 1324 opinor
563 1242 745 1307 sententiae
765 1241 814 1305 illi
831 1240 1049 1307 Hartelianac
1068 1263 1166 1325 quam
1188 1242 1359 1326 impugna·

180 1350 286 1414 vimus
304 1349 512 1431 aliquantum
526 1351 605 1417 fidei
622 1352 818 1417 detrahitur.
844 1351 980 1416 Etenim
996 1353 1024 1416 si
1035 1374 1070 1417 re
1088 1373 1166 1417 vera
1181 1352 1357 1436 diphthon-

182 1461 217 1542 gi
248 1460 306 1525 illo
334 1462 576 1544 pronunciandi
598 1462 696 1527 modo
720 1484 794 1528 oum
816 1462 924 1527 verbis
946 1462 1195 1545 insequentibus
1219 1463 1358 1529 coaluis-

181 1577 257 1635 sent
277 1593 336 1637 nsc
356 1594 460 1656 pausa
485 1574 648 1657 quaedam
669 1573 816 1656 quamvis
842 1575 959 1656 exigua
981 1575 1173 1656 exstitisset,
1193 1596 1259 1640 non
1286 1582 1360 1641 erat

183 1682 503 1757 curhachexametri
514 1685 591 1750 sede
604 1684 731 1749 hiatum
740 1691 859 1768 poetae
871 1691 940 1749 tam
953 1685 1049 1748 anxie
1061 1684 1176 1766 procul
1188 1684 1357 1750 haberent.

269 1792 472 1859 Particulam
494 1801 547 1860 καί
570 1796 651 1879 quin
666 1797 736 1861 iure
754 1818 775 1860 a
795 1794 1056 1878 correptionibus
1071 1797 1189 1860 ceteris
1207 1815 1358 1877 segrega·

183 1903 333 1986 serimus,
362 1927 458 1971 nemo
486 1907 652 1972 dubitabit
675 1928 749 1971 oum
778 1908 863 1971 hanc
895 1905 1045 1970 voculam
1068 1906 1141 1969 aliis
1163 1904 1289 1986 legibus
1312 1907 1361 1970 uti

183 2020 285 2097 atque
310 2017 410 2082 verba
439 2025 551 2083 cetera
581 2018 709 2084 viderit.
761 2017 848 2082 Nam
877 2036 983 2099 paene
1009 2017 1112 2080 vetita
1143 2023 1255 2080 osteo
1286 2017 1359 2081 loco

185 2125 243 2190 ubi
263 2127 362 2192 verba
389 2127 457 2192 alia
477 2129 654 2212 praecipue
677 2129 798 2211 corripi
821 2127 940 2207 solent,
971 2127 1039 2191 scil.
1066 2128 1100 2191 in
1126 2127 1218 2209 pedis
1250 2129 1362 2210 quarti

184 2234 270 2300 thesi
303 2237 470 2303 alterat
443 2244 508 2318 (ter
541 2246 674 2323 corrept
675 2241 707 2304 io
741 2240 787 2303 ibi
820 2238 964 2304 admissa
998 2243 1048 2302 est
1083 2245 1109 2300 Γ
1135 2240 1208 2318 227,
1241 2245 1269 2301 Ρ
1289 2241 1371 2320 719,-

186 2349 374 2434 (3345)-
407 2370 508 2414 causa
534 2355 591 2414 ant
594 2371 643 2414 em
673 2357 723 2415 est
732 2350 860 2434 ,quod
891 2349 920 2412 si
948 2349 995 2412 ibi
1019 2348 1238 2430 corriperetur
1267 2348 1362 2414 facile

187 2479 325 2524 caesura
347 2460 519 2525 trochaica
548 2467 698 2525 oreretur
728 2483 812 2543 quae
835 2465 939 2543 quant
940 2481 994 2523 um
1030 2459 1102 2524 fieri
1122 2466 1182 2541 pot
1184 2460 1233 2522 uit
1259 2460 1364 2524 vitata

188 2575 240 2634 est
263 2609 301 2618 -
326 2576 415 2635 amat
437 2578 548 2636 autem
571 2573 713 2636 maxime
741 2571 836 2654 pedis
859 2572 949 2635 tertii
972 2572 1092 2636 thesim
1114 2571 1254 2653 primam
1278 2575 1366 2651 (post

189 2702 356 2746 caesuram
370 2682 563 2758 masculam)
586 2688 620 2747 et
636 2683 776 2748 alteram
786 2685 823 2768 ⁴),
841 2704 914 2747 cum
931 2689 1114 2747 ceterorum
1131 2679 1365 2745 vocabulorum

188 2792 222 2855 in
246 2791 310 2858 hoo
332 2793 416 2876 pede
439 2792 551 2857 hiatus
575 2792 729 2877 dactylici
758 2792 967 2856 inveniantur
989 2799 1119 2856 tantum
1144 2794 1222 2869 228,
1253 2790 1364 2854 hiatus

187 2903 349 2969 trochaici
369 2911 446 2988 post
461 2924 630 2969 caesuram
646 2903 828 2967 masculam
851 2909 902 2966 26.
919 2901 997 2966 Non
1019 2922 1094 2965 raro
1113 2901 1211 2965 etiam
1227 2900 1261 2962 in
1279 2897 1364 2980 pede

189 3015 306 3097 quinto
328 3017 491 3098 particula
515 3021 670 3097 correpta
690 3015 817 3096 legitur.
861 3012 957 3077 Haeo
989 3012 1122 3095 quidem
1146 3010 1186 3074 de
1208 3030 1285 3073 voce
1304 3012 1365 3073 καί.

274 3125 431 3192 Fortasse
453 3149 493 3191 ex
515 3127 659 3190 numeris
681 3126 814 3189 tabulae
836 3130 968 3187 nostrae
991 3125 1061 3188 iure
1090 3124 1164 3206 quis
1188 3119 1366 3185 coniecerit

188 3235 353 3318 legitimas
375 3239 491 3303 hiandi
523 3236 617 3301 sedes
641 3237 720 3301 olim
742 3235 845 3300 fuisse
872 3234 990 3319 pedem
1019 3235 1169 3317 primum,
1200 3237 1365 3314 quartum,

188 3347 329 3430 primam
350 3348 471 3414 thesim
492 3348 584 3412 tertii
605 3348 715 3430 pedis,
748 3348 804 3411 ubi
834 3368 920 3411 nuno
943 3367 1078 3412 caesura
1101 3344 1310 3427 conspicitur,
1335 3348 1368 3407 et

190 3459 253 3523 hoc
274 3464 365 3524 statu
386 3459 527 3542 pristino
552 3478 617 3521 non
639 3479 755 3541 parum
780 3457 929 3522 adiuvari
944 3456 1085 3523 Useneri
1106 3458 1138 3519 in
1159 3455 1271 3519 libello
1292 3476 1323 3536 q.
1346 3454 1371 3516 i:

280 3682 302 3749 ¹)
321 3681 355 3735 In
374 3682 464 3734 altera
475 3679 547 3734 thesi
565 3679 645 3748 pedis
657 3679 735 3732 tertii
748 3696 803 3732 vox
815 3679 874 3728 ἐπεί
885 3686 1015 3748 correpta
1033 3694 1150 3731 numero
1168 3675 1252 3743 longe
1268 3672 1368 3726 ceteris

190 3771 324 3835 praestat,
342 3785 405 3822 cum
423 3767 457 3819 98
475 3766 542 3820 locis
560 3766 668 3818 hiatum
685 3781 765 3832 passe
783 3764 826 3818 sit.

277 3870 301 3940 ¹)
319 3871 383 3924 θεοὶ
400 3873 445 3922 τοὶ
458 3866 598 3935 Ὄλυμπον
616 3871 722 3929 ἔχουσιν
741 3864 824 3931 ξ394,
844 3867 937 3932 ⁰1805
955 3867 1033 3916 θεῶν
1046 3868 1073 3915 ot
1083 3864 1118 3918 '0.
1133 3864 1152 3917 ἐ.
1167 3864 1194 3912 Ε
1208 3862 1267 3926 890,
1289 3857 1320 3908 N
1327 3860 1369 3923 68,

196 3954 295 4022 arar,
319 3958 414 4022 raro,
439 3957 545 4019 esai,
569 3972 586 4004 τ
605 3955 653 4019 43;
677 3953 755 4005 aaa
774 3955 801 4002 oz
816 3949 853 4004 ³0.
873 3951 893 4004 3,
912 3971 932 4015 μ
949 3952 1013 4016 337,
1037 3950 1131 4018 hymn.
1151 3949 1165 4001 1
1183 3949 1234 4001 oss
1254 3971 1285 3991 =
1305 3945 1368 4010 sla

193 4040 276 4096 θεοὺς
293 4040 348 4096 uvi.
367 4044 395 4092 Ε
406 4045 467 4096 404.

279 4145 303 4213 ⁸)
321 4145 414 4199 Christ
432 4142 553 4199 Memor
570 4160 597 4211 p.
612 4144 668 4195 186.

278 4249 302 4317 ⁴)
321 4248 363 4303 cf.
382 4247 482 4302 Hartel
499 4245 548 4300 III
565 4262 592 4314 p.
604 4247 646 4298 46.
