3036 4844
623 671 837 775 VITA

235 911 345 976 Natus
384 933 453 975 sum
484 911 669 975 Ludovicus
701 910 865 975 Iohannes
897 909 1008 973 Lucas
1038 906 1210 974 Oonitaiae
1241 932 1269 974 a.
1295 911 1325 974 d.

150 1023 211 1088 IV.
235 1022 286 1086 Id.
310 1021 398 1104 Aug.
422 1043 507 1087 anno
531 1019 790 1089 MDOOOLXV
812 1026 907 1114 patre
929 1019 1067 1101 Oarolo,
1096 1027 1201 1086 matre
1226 1022 1327 1086 Luisa

153 1141 290 1216 egente
315 1133 506 1200 Schoetzau.
554 1132 648 1196 Fidei
679 1131 830 1197 addictus
861 1152 931 1194 sum
962 1131 1177 1212 evangelicae.
1224 1132 1327 1197 Litte-

153 1266 263 1309 rarum
293 1245 463 1310 elementis
494 1244 639 1328 imbutus
667 1243 815 1307 Berolini
846 1263 911 1326 quo
941 1248 1037 1324 pater
1066 1242 1265 1324 migraverat
1294 1243 1327 1306 in

152 1353 230 1418 ludo
261 1354 406 1436 privato,
437 1356 549 1438 paullo
577 1361 655 1437 post
685 1355 816 1419 scholae
843 1353 944 1418 medii
969 1353 1093 1416 ordinis
1113 1352 1326 1420 Obarlotteu·

153 1465 311 1546 burgensi
338 1466 499 1545 traditus,
533 1464 610 1528 inde
645 1465 687 1529 ab
716 1487 744 1530 a.
773 1469 855 1529 1878
884 1465 1088 1549 gymnasium
1118 1465 1208 1528 illius
1236 1465 1328 1529 urbis

153 1577 360 1657 frequentavi
385 1575 472 1657 quod
493 1574 601 1638 adhuc
625 1575 684 1638 sub
703 1577 858 1657 auspiciis
877 1575 1035 1641 Schultzii
1058 1597 1087 1638 v.
1106 1577 1125 1641 i.
1149 1575 1253 1640 floret.
1287 1575 1328 1640 Iu

153 1707 218 1767 quo
241 1708 315 1750 vere
339 1689 415 1751 anni
437 1687 467 1751 h.
486 1708 510 1749 s.
534 1685 731 1753 LXXXVI
756 1708 829 1750 cum
849 1687 1049 1750 maturitatis
1072 1687 1258 1750 testimonio
1281 1687 1327 1748 in-

153 1803 298 1860 structus
320 1818 434 1877 essem,
458 1797 648 1861 academiae
663 1796 888 1862 Berolinensis
909 1795 1034 1860 civibus
1054 1796 1240 1878 adscriptus
1257 1817 1327 1860 sum

153 1907 265 1990 ibique
278 1907 496 1989 philologieis,
517 1907 691 1986 historicis,
708 1908 946 1991 philosophicis
960 1907 1077 1972 studiis
1090 1927 1222 1989 operam
1242 1906 1327 1971 dedi.

83 2105 86 2111 Ι
238 2017 434 2082 Docuerunt
463 2040 514 2082 me
544 2039 604 2100 per
635 2019 791 2082 tredecim
828 2019 1001 2083 semestria
1030 2019 1091 2082 viri
1124 2018 1328 2082 doctissimi:

153 2127 379 2209 Bellermann,
415 2128 579 2208 Bresslau,
614 2127 760 2208 Curtius,
792 2129 897 2210 Diels
930 2128 1072 2212 Dilthey,
1104 2129 1328 2210 Ebbinghaus,

152 2239 294 2320 Erman,
328 2237 540 2320 Hirschfeld,
571 2239 747 2320 Huebner,
778 2239 928 2320 Kekule,
952 2239 1146 2319 Kirchhoff,
1172 2239 1328 2321 Koebler,

154 2349 311 2430 Lazarus
329 2351 521 2432 Mommsen,
546 2351 700 2430 Paulsen,
724 2351 764 2415 de
785 2350 994 2429 Richtbofen,
1012 2351 1147 2430 Robert,
1172 2350 1331 2417 Sclreffer-

154 2461 346 2542 Boichorst,
372 2462 556 2546 Scherer†,
581 2462 780 2540 Schroeder,
806 2462 845 2527 de
869 2463 1011 2546 Steinl,
1036 2462 1184 2542 Vahlen,
1209 2461 1329 2527 Zeller.

153 2572 457 2637 Exercitationibus
486 2573 628 2653 benigne
656 2574 736 2637 mihi
768 2575 893 2638 aditum
924 2574 1150 2656 praebuerunt
1177 2574 1330 2638 archaeo-

153 2683 269 2766 logicis
304 2681 454 2763 Curtius,
491 2683 758 2765 Furtwaengler,
799 2683 952 2764 Kekule,
984 2683 1126 2764 Robert,
1162 2683 1328 2747 historicis

153 2794 328 2859 Fabricius
358 2801 391 2858 et
416 2793 625 2874 Hirschfeld,
658 2794 879 2877 epigraphicis
905 2792 1089 2872 Kirchhoff,
1120 2792 1328 2875 philologieis

153 2904 248 2970 Diels
281 2913 313 2969 et
336 2904 512 2984 Huebner,
544 2906 736 2985 germanicis
760 2905 880 2987 Meyer.
933 2903 1106 2968 Seminarii
1135 2901 1329 2986 philologici

154 3016 242 3097 quod
274 3015 488 3080 moderantur
519 3014 696 3079 Kirchhoff
728 3024 760 3079 et
793 3015 938 3095 Vahlen,
976 3034 1035 3096 per
1064 3015 1128 3077 tria
1160 3013 1330 3077 semestria

156 3126 278 3190 sodalis
304 3127 491 3192 ordinarius
514 3127 571 3190 fui.

240 3237 368 3321 Quibus
381 3237 531 3301 omnibus
544 3237 621 3299 viris
640 3237 761 3319 optime
782 3237 822 3300 de
839 3256 889 3299 me
907 3235 1042 3315 meritis,
1060 3235 1201 3300 maxime
1220 3240 1328 3298 autem

154 3349 313 3430 Roberto,
334 3348 471 3429 Dielsio,
490 3346 711 3429 Kirchhoffio,
731 3348 894 3427 Vahleno,
914 3344 1150 3426 Hirschfeldio,
1175 3346 1231 3428 qui
1253 3365 1328 3410 cou-

154 3460 226 3523 silio
248 3459 421 3542 factoque,
453 3481 518 3524 non
541 3458 637 3522 modo
661 3458 694 3521 in
717 3458 853 3539 studiis,
883 3479 933 3522 me
958 3458 1173 3538 adiuverunt,
1207 3457 1330 3540 gratias

154 3591 253 3653 quarn
276 3570 434 3635 maximas
457 3591 519 3652 ago
543 3589 736 3652 semperque
760 3569 898 3634 habebo.
