3036 4844
614 265 824 344 *fig-2

130 458 220 544 cehit
238 477 274 560 ¹).
320 475 378 543 Sin
401 473 508 559 aliter,
538 475 619 541 nihil
650 479 691 544 de
722 480 840 545 horum
870 479 1014 546 omniurn
1046 478 1171 563 origine
1201 474 1304 544 statui

127 594 237 672 potest
251 589 429 671 potiusque
448 590 633 673 putandum
648 593 713 655 iam
730 591 956 675 Theognidem
974 591 1101 656 hiatum
1122 593 1223 656 istum
1238 589 1303 654 sibi

127 699 304 765 indulsisse
316 703 349 780 ²).
404 700 459 765 Ac
489 702 555 766 iarn
588 702 751 768 confiteor
774 725 910 769 menon
934 703 1036 769 semel
1057 702 1227 767 dubitasse
1249 721 1303 764 ne-

128 811 312 876 cessarione
332 833 372 876 ex
393 811 497 894 elegia
514 813 557 877 ad
574 813 719 897 Cyrnum
736 816 858 897 scripta
874 819 1023 879 237-54
1043 813 1303 879 concludendum

128 924 172 986 sit
191 922 313 1005 elegias
341 922 543 1005 Theognidis
578 924 621 988 ad
651 925 808 990 tibiarum
843 946 959 991 sonum
982 929 1132 989 cantatas
1155 946 1236 1006 esse,
1268 930 1305 989 ut

129 1034 280 1118 plerique
301 1035 363 1099 viri
388 1035 480 1100 docti
502 1042 702 1120 putaverunt
716 1040 750 1116 3).
795 1036 950 1102 Profecto
971 1037 1071 1102 verba

215 1147 271 1212 Σοὶ
291 1146 348 1228 μὲν
370 1145 433 1231 ἐγώ
449 1148 539 1231 πτέρ’
555 1147 668 1224 ἔδωκα,
691 1149 746 1213 οὐν
762 1144 811 1226 οἷς
824 1147 876 1212 ἐπ’
892 1145 1045 1231 ἀπείρονα
1062 1148 1175 1212 πόντον

280 1259 483 1346 occasionum
506 1267 564 1346 γῆν
586 1267 691 1324 πᾶσαν
714 1258 903 1344 οέιρεῖμενος

213 1369 338 1454 ῥηϊδίως

128 1501 166 1544 eo
189 1486 341 1563 spectant
360 1480 449 1564 quod
471 1487 572 1563 poeta
592 1481 705 1560 elegiis
728 1482 858 1545 nomine
882 1480 983 1564 Cyrni
1008 1481 1162 1545 notandis
1186 1463 1303 1546 nomeu

127 1591 219 1673 pueri
239 1612 300 1672 per
314 1596 420 1656 totam
437 1598 558 1655 terram
577 1593 658 1658 etin
675 1593 785 1656 omnia
806 1600 955 1674 tempora
976 1599 1089 1657 notum
1111 1591 1303 1674 clarumque

127 1703 213 1766 fecit.
257 1700 345 1767 Item
366 1702 464 1767 verba
479 1701 562 1766 ἄλλά
584 1725 617 1768 σε
640 1709 764 1787 πέμψει
787 1701 896 1786 α’γλοᾶ
920 1703 1075 1766 Μουσάων
1097 1704 1186 1786 δῶρα
1209 1702 1301 1767 ἰοστε-

129 1813 237 1898 φάνων
259 1814 428 1896 pertinent
450 1813 493 1878 ad
527 1814 647 1895 elegias
681 1814 891 1896 Theognidis,
946 1813 1037 1897 Quid
1063 1821 1173 1878 autem
1203 1816 1303 1878 verba

128 1923 313 2004 significent

329 2041 439 2121 θοίνῃς
458 2037 491 2100 δὲ
513 2038 565 2100 καὶ
587 2035 762 2121 εἰλαπίνῃσι
787 2042 924 2121 παρέσοῃ

279 2147 311 2210 ἐν
335 2148 463 2225 πάσαις,
488 2149 616 2212 πολλῶν
638 2153 777 2229 κείμενος
799 2146 830 2211 ἐν
852 2149 1019 2229 στόμασιν·

228 2263 280 2322 καί
302 2280 335 2322 σε
358 2258 413 2322 σύν
435 2256 606 2324 αὐλίολοισι
629 2261 857 2345 λιγυφθόγγοις
877 2265 939 2323 νέοι
960 2258 1070 2342 ἄνδρες

279 2366 438 2450 εὐκόσμως
459 2369 563 2453 spurci
584 2371 665 2434 καλά
688 2395 721 2434 τε·
744 2373 795 2435 καὶ
818 2373 907 2454 λιγέα

228 2478 354 2565 ᾄσονται

129 2591 240 2672 quaeri
263 2597 381 2673 potest.
413 2590 533 2656 Utrum
554 2592 633 2657 hoc:
659 2615 698 2658 ea
717 2594 789 2675 ipsa
808 2614 844 2657 re
867 2593 957 2675 quod
978 2614 1115 2675 guomas
1138 2598 1172 2656 iu
1193 2593 1300 2656 couvi-

127 2699 187 2762 viis
208 2699 397 2791 recitabunt
420 2708 452 2767 et
469 2702 590 2784 elegias
613 2725 702 2768 meas
721 2702 949 2768 adulescentes
972 2724 1046 2766 cum
1062 2703 1153 2767 tibiis
1170 2709 1299 2783 canent,

213 2895 235 2963 ¹)
252 2895 288 2948 V.
303 2897 369 2950 1139
387 2898 515 2951 carminis
528 2899 639 2950 estsine
652 2897 738 2951 dubio
751 2897 879 2963 recentis,
897 2897 926 2950 id
945 2897 1020 2964 quod
1038 2897 1300 2950 demonstraverunt

127 2978 234 3033 Usener
256 2980 355 3036 Jahrb.
372 2983 395 3049 f.
413 2982 493 3036 blase.
512 2983 585 3036 Phil.
607 2984 672 3036 1878
691 3000 717 3050 p.
730 2985 763 3034 69
782 2985 810 3034 et
834 2982 941 3036 Goebel
967 2982 1002 3036 de
1025 2998 1096 3037 corr.
1115 2983 1202 3035 attica
1219 3001 1245 3051 p.
1260 2986 1300 3037 10.

127 3064 214 3119 Aliud
232 3071 429 3136 argumentum
447 3068 549 3123 addere
566 3085 685 3136 possum.
721 3067 808 3120 Poeta
825 3086 853 3120 v.
864 3069 916 3121 923
934 3067 988 3120 sibi
1006 3068 1134 3136 permisit
1151 3067 1219 3118 κατὰ
1237 3068 1301 3135 χρή-

126 3170 199 3216 ματα
216 3156 346 3221 correpto
365 3175 382 3203 α
401 3158 466 3207 aute
490 3157 596 3207 mutam
620 3171 683 3207 curn
710 3153 824 3221 liquida.
861 3153 912 3207 Est
936 3158 1028 3207 autem
1046 3153 1099 3215 lex,
1118 3171 1200 3222 quam
1219 3170 1300 3207 nemo

127 3236 218 3290 adhuc
243 3237 356 3292 videtur
378 3239 622 3305 animadvertisse,
652 3257 714 3293 cum
737 3240 772 3293 ab
797 3240 921 3294 Homero
946 3241 985 3307 (Σ
1000 3242 1051 3293 414
1074 3244 1103 3292 et
1127 3259 1142 3289 ο
1161 3242 1210 3292 173
1235 3255 1301 3292 cave
1367 3284 1373 3292 ,

126 3326 207 3391 putes
224 3324 296 3378 hanc
313 3325 404 3394 legem
421 3326 532 3394 violari)
549 3330 609 3379 turn
627 3326 662 3378 ab
680 3326 801 3393 antiquis
818 3325 948 3394 elegiacis
961 3329 989 3377 et
1000 3325 1163 3393 Theognide
1180 3326 1301 3394 genuino

126 3408 278 3479 diligenter
294 3415 405 3466 servata
423 3430 477 3480 qua
495 3413 592 3465 ultima
609 3411 716 3478 syllaba
733 3411 853 3464 cuiusvis
871 3411 1084 3478 praepositionis
1103 3412 1208 3480 corripi
1226 3416 1302 3466 veta·

125 3497 173 3547 tur
190 3499 257 3550 ante
275 3514 372 3553 vocem
389 3502 494 3552 rectam
513 3516 529 3550 a
548 3501 624 3550 muta
641 3514 664 3550 c.
676 3497 695 3549 1.
708 3496 898 3564 incipientem.
922 3496 956 3548 ln
973 3514 1056 3564 quam
1071 3514 1200 3566 peccasse
1219 3499 1301 3551 video

126 3579 291 3649 Dionysium
310 3583 421 3637 demum
434 3583 556 3636 Chalcun
574 3584 611 3650 (3,
623 3582 650 3651 5)
669 3585 698 3634 et
711 3580 823 3634 Cratern
841 3582 907 3648 (3,2
925 3586 954 3632 et
966 3588 990 3646 4,
1002 3585 1038 3650 4).
1070 3582 1203 3635 Vocalem
1222 3600 1301 3650 prae·

127 3668 273 3735 positionis
290 3668 458 3736 productam
475 3668 581 3722 habeut
599 3667 705 3721 Archil.
716 3669 740 3730 4,
753 3668 780 3732 33
800 3670 824 3731 9,
837 3669 867 3733 63
886 3667 964 3734 Tyrt.
977 3670 1016 3731 10,
1032 3669 1063 3734 1;
1083 3669 1123 3732 lo,
1135 3670 1184 3733 21,
1204 3666 1300 3721 llimn.

126 3754 152 3817 2,
164 3755 194 3817 3;
219 3754 260 3819 14,
272 3757 303 3821 6;
327 3754 385 3808 Sol.
409 3771 453 3823 ap.
472 3753 558 3807 Arist.
579 3753 629 3805 civ.
654 3752 722 3803 Ath.
742 3768 764 3803 o.
777 3754 809 3817 ε’),
835 3749 937 3806 Anaer.
951 3755 993 3817 94,
1009 3755 1037 3818 1;
1063 3751 1168 3820 Theog.
1188 3754 1222 3805 55
1239 3751 1302 3821 (A),

49 3864 55 3873 -
128 3839 179 3892 ns
196 3838 263 3907 (Β),
287 3843 311 3906 r,
329 3841 394 3905 raa,
411 3841 475 3904 aaa,
494 3840 558 3899 aar,
577 3840 641 3902 aaa,
660 3839 724 3901 aar,
746 3839 810 3890 rorr
829 3838 891 3906 (o);
921 3838 1026 3889 simon.
1040 3835 1071 3889 o,
1084 3839 1125 3900 ar,
1144 3842 1173 3901 a
1200 3839 1300 3903 reo,1;

128 3926 229 3990 143,3;
248 3926 334 3991 167,1
353 3929 382 3978 et
399 3928 424 3978 2.
459 3925 559 3994 Itaque
582 3925 661 3976 illum
685 3922 796 3975 unicum
821 3922 912 3974 locum
937 3939 971 3974 ex
996 3921 1103 3990 sylloge
1121 3922 1301 3987 'Plreognidea

127 4010 175 4077 qui
193 4010 249 4079 legi
266 4027 322 4064 non
340 4011 525 4078 obtemperat,
543 4009 649 4078 optimo
667 4010 728 4061 iure
747 4011 846 4075 poetae
865 4008 966 4059 iuniori
985 4007 1147 4060 tribuemus.

213 4095 458 4163 111)(νν.1ἵν9ο1.
477 4097 555 4164 p.l7.

214 4181 237 4248 ¹)
255 4180 350 4234 Christ
368 4181 492 4237 Metrilr²
516 4181 531 4249 §
549 4181 600 4232 261
624 4180 652 4231 in
678 4181 801 4232 extrema
818 4182 893 4242 uota,
919 4178 1183 4246 Larte-armemur
1201 4196 1227 4245 p.
1243 4180 1300 4243 115,

127 4265 223 4335 Bergk
239 4267 411 4334 Literolury.
430 4264 461 4317 ll
479 4285 506 4334 p.
519 4268 566 4319 321
588 4282 611 4318 c.
630 4271 686 4318 not.
700 4267 742 4330 89,
761 4266 815 4319 alii.

1130 4367 1147 4403 o
