3036 4844
652 298 869 358 ..26-

171 488 401 572 discrepantiis
429 489 463 554 in
496 488 622 555 ultimis
657 487 755 555 huius
791 488 925 570 eclogae
947 487 1099 554 uorsibus
1133 484 1344 553 iudicandum

171 605 226 687 sit,
249 605 348 672 valde
371 604 495 671 dubito.
541 604 690 671 Jordano
716 604 758 688 (p.
787 603 840 687 14)
864 603 893 670 si
916 603 997 670 fides
1020 602 1175 670 habenda
1198 607 1258 683 θθῖ,
1285 621 1345 683 pro

172 719 204 782 δὲ
226 720 346 787 iterato
370 722 442 787 loco
465 719 499 786 in
521 725 661 802 utroque
685 719 851 786 codicem
875 723 1049 785 exaratum
1066 725 1127 800 est,
1151 737 1226 786 cum
1241 718 1345 800 Berg-

172 836 247 902 kius
281 841 421 902 testetur
455 835 555 902 etiam
589 836 699 917 priore
732 835 805 903 loco
838 835 873 902 in
906 835 940 901 A
963 856 994 897 τε
1027 835 1102 918 legi.
1163 835 1251 902 Utut
1285 838 1344 913 cst,

172 970 347 1034 possumus
370 951 404 1017 in
427 951 567 1017 lectione
591 956 726 1033 recepta
749 950 958 1033 acquiescere
981 969 1086 1032 neque
1107 969 1190 1033 opus
1206 955 1256 1016 cst
1272 967 1345 1014 oum

170 1068 321 1135 Usenero
344 1089 376 1151 qe
399 1067 509 1134 scribi.
555 1068 672 1148 Neque
696 1085 744 1149 eo,
768 1067 855 1148 quod
879 1068 984 1133 altero
1008 1066 1080 1133 loco
1104 1065 1138 1132 in
1161 1066 1190 1135 Ο
1214 1065 1343 1151 §sappes

172 1188 346 1250 exaratum
381 1188 444 1265 est,
480 1183 674 1265 persuaderi
712 1183 807 1250 nobis
845 1182 980 1265 poterit,
1020 1187 1057 1248 ut
1096 1182 1188 1252 δόσεις
1222 1188 1345 1244 παντοῖαι

174 1299 337 1380 pluralem
373 1317 448 1365 cum
482 1297 525 1364 Α.
551 1297 695 1365 Oorssen
729 1298 853 1382 (adnot.
882 1316 958 1381 pag.
984 1300 1039 1381 33)
1074 1297 1109 1362 in
1142 1298 1344 1380 singularem

156 1419 345 1495 «mutemus,
381 1414 532 1495 quamvis
569 1414 812 1481 concedendum
841 1414 883 1480 sit
910 1415 973 1480 hoc
1000 1413 1097 1480 modo
1121 1413 1343 1496 Theognidcm

170 1529 306 1596 liberari
328 1531 473 1612 spondeo
501 1530 535 1596 in
569 1537 687 1612 quarto
723 1530 806 1612 pede
841 1535 918 1596 ante
953 1547 1125 1596 caesuram
1160 1528 1344 1595 bucolicum

169 1645 288 1728 posito,
324 1664 387 1727 quo
424 1663 536 1712 carcre
569 1648 664 1712 solet.
723 1647 848 1712 Verum
884 1645 1051 1712 enimvero
1085 1650 1123 1712 αῖ
1155 1644 1189 1710 in
1223 1664 1254 1711 r.
1281 1649 1343 1710 367

170 1761 455 1828 ratiocinationem
477 1767 626 1828 nostram
650 1762 788 1828 metrica
809 1762 1038 1829 observatione
1054 1780 1119 1827 non
1135 1762 1177 1827 ab
1194 1760 1344 1826 omnibus

169 1877 319 1959 partibus
343 1883 435 1945 certa
457 1879 530 1944 tolli
553 1897 616 1943 non
640 1878 730 1960 passi
754 1877 893 1960 sumus,1
916 1878 965 1944 ita
987 1897 1028 1944 uc
1044 1878 1107 1943 hoc
1122 1876 1254 1958 quidem
1270 1878 1343 1943 loco

172 1991 316 2079 ἐπέρχοντ’
352 1995 454 2060 multo
493 1993 611 2061 melius
650 1994 809 2060 traditum
849 1994 950 2060 furcis
986 1993 1151 2075 expellere
1187 1993 1342 2075 cogimur.

171 2108 264 2193 Quae
288 2128 363 2176 curn
390 2111 438 2176 ita
465 2110 545 2191 sint,
580 2129 696 2176 vcrsus
731 2109 840 2192 priore
869 2111 947 2177 loco
982 2113 1134 2176 servatos
1169 2126 1344 2191 germanos

170 2224 444 2292 existimabimus.

146 2400 149 2405 ,
259 2339 315 2405 Ad
338 2347 528 2422 sequentem
551 2342 660 2407 locum
684 2346 827 2408 transeo.
875 2342 1000 2407 Versus
1025 2344 1200 2406 555—556

351 2483 408 2570 χρὴ
432 2483 540 2566 τολμᾶν
563 2482 726 2569 χαλεποῖσιν
751 2483 780 2545 ἐν
805 2482 902 2567 ἄλγεσι
925 2484 1051 2566 κείμενον
1075 2483 1164 2570 ἄνδρα

351 2603 420 2686 πρός
442 2621 473 2662 τε
495 2600 573 2662 θεῶν
598 2601 681 2661 αἰτεῖν
706 2598 818 2662 ἔκλυσιν
842 2598 1002 2661 ἀθανάτων.

167 2740 254 2808 infra
277 2746 352 2824 post
373 2762 405 2807 v.
433 2746 517 2808 1178
540 2741 589 2808 ita
612 2742 776 2810 immutati
800 2743 965 2825 legimur,
998 2747 1035 2808 ut
1068 2742 1186 2809 molius
1222 2742 1265 2810 sit
1288 2762 1344 2810 eos

145 2842 148 2848 ⁵
167 2862 255 2924 totos
280 2857 432 2925 exscribi.

354 2992 463 3075 τολμᾶν
486 2991 544 3079 χρὴ
567 2993 732 3078 χαλεποῖσιν
757 2993 787 3056 ἐν
809 2991 868 3077 (ἐπ’
894 2989 935 3078 0)
959 2992 1072 3076 ἄλγεσιν
1095 2991 1164 3078 ἦτορ
1270 3010 1275 3018 ’

490 3097 529 3184 (Β
552 3098 644 3185 ἧπαρ)
668 3099 770 3184 ἔχοντα

352 3215 421 3300 πρὸς
443 3213 476 3277 δὲ
498 3215 576 3277 θεῶν
599 3214 681 3301 (πρός
704 3236 736 3279 τε
759 3216 836 3277 θεῖον
859 3214 901 3302 δ’)
924 3216 1008 3277 αἰτεῖν
1037 3214 1149 3278 ἔκλυσιν

490 3321 651 3384 ἀθανάτων.

169 3461 223 3528 Ac
245 3461 409 3543 primunm
434 3461 565 3544 quidem
589 3463 809 3530 concedamus
833 3463 1007 3530 diiudicari
1021 3464 1079 3530 vix
1102 3482 1210 3546 posse,
1234 3471 1345 3532 utrum

170 3575 302 3644 distichi
318 3577 490 3644 exordium
506 3578 757 3660 praeferendum
774 3580 826 3662 sit
843 3597 1044 3662 quamquam
1060 3599 1123 3646 non
1139 3581 1344 3663 mirabimur,

170 3693 200 3760 si
215 3693 271 3776 qui
285 3693 395 3776 τολμᾶν
411 3694 468 3780 χρὴ
485 3703 618 3778 poetam
634 3695 807 3778 scripsisse
823 3695 886 3761 sibi
905 3695 1117 3778 persuaserit,
1135 3698 1345 3779 commiserit,

168 3813 206 3875 nt
221 3810 362 3877 eundem
378 3810 528 3893 argutius
545 3817 578 3876 et
592 3809 695 3876 nimia
710 3830 807 3878 usum
824 3810 994 3878 affcctione
1010 3814 1114 3879 verba
1129 3813 1346 3880 collocavisse
1389 3798 1392 3802 ’

168 3930 334 4007 putemus.
381 3925 481 3993 Οθιῖθ
509 3925 566 4014 χρὴ
594 3926 703 4009 τολμᾶν
732 3927 839 4010 magis
868 3926 911 3994 ad
945 3946 1095 3993 normam
1122 3927 1344 4011 simplicitatis

241 4165 252 4203 ¹
276 4167 312 4220 ci.
336 4167 384 4220 W.
407 4167 519 4220 Kunst:
550 4168 611 4220 Der
634 4168 811 4220 Hexameter
839 4167 891 4220 des
919 4166 1057 4220 Theocrit
1083 4167 1138 4222 ΠΙ.
1166 4169 1284 4222 Excurs
1311 4170 1344 4221 in

168 4254 255 4308 tertio
280 4255 338 4309 vol.
362 4257 460 4323 operis
483 4255 660 4310 Rossbachii
688 4260 716 4309 et
734 4255 914 4322 Westphalii
934 4257 1003 4309 1890
1030 4273 1060 4324 p.
1080 4259 1140 4312 854.
1187 4258 1344 4311 Trotzdem

168 4342 208 4396 ist
226 4342 279 4397 der
292 4343 448 4412 Spondeus
461 4360 515 4398 vor
534 4343 587 4397 der
605 4343 803 4397 bukclischen
817 4343 927 4397 ansur
945 4345 1022 4399 auch
1039 4346 1106 4400 hier
1124 4347 1207 4400 nicht
1225 4346 1344 4400 liberali

167 4430 264 4484 durch
283 4432 453 4500 Koulektnr
470 4449 508 4486 zu
527 4433 689 4486 antiomen.
