3036 4844
665 256 875 322 ..16-

182 457 279 535 parte
308 450 438 534 potiore
471 448 700 516 denominasse
712 451 746 537 ¹).
790 451 873 516 Mihi
903 473 981 517 vero
1010 452 1069 517 illa
1090 455 1254 532 carmina,
1288 474 1362 517 cum

184 583 295 655 errore
326 562 502 626 memoriae
529 560 614 626 falso
644 583 704 644 pro
726 561 948 644 Theognideis
977 562 1178 628 haberentur
1204 569 1237 628 et
1266 585 1362 629 verus

98 722 101 726 -
183 678 299 737 auctor
310 673 344 735 in
357 671 554 737 oblivionem
574 674 727 755 venisset,
749 674 783 737 in
799 674 940 757 syllegae
957 673 1157 755 Theognidis
1176 675 1362 757 pervenisse

182 782 344 863 videntur,
361 782 395 846 id
411 781 499 866 quod
521 805 582 865 pro
605 790 799 867 argumento
820 785 1014 869 plerumque
1033 785 1184 864 gnomioo
1201 791 1235 849 61
1249 783 1360 849 didac-

184 894 251 958 tioo
273 891 372 957 facile
396 892 547 957 accidere
570 896 747 979 poterat2).

269 1003 394 1070 Verum
416 1011 454 1068 61
474 1003 517 1067 ad
545 1004 580 1067 id
602 1004 689 1070 unde
712 1003 859 1086 digressa
889 1010 939 1069 est
963 1005 1115 1087 quaestio
1138 1012 1359 1070 revertamur:

182 1136 294 1195 versus
317 1119 443 1179 53-60
461 1114 556 1179 nobis
581 1115 714 1196 genuini
737 1135 808 1180 esse
824 1114 1032 1194 videbantur,
1057 1116 1164 1179 forma
1186 1137 1263 1181 vero
1286 1121 1363 1198 post

183 1247 232 1288 vv.
262 1229 344 1289 1080
378 1224 505 1290 variata
531 1226 653 1310 spuria.
707 1225 835 1290 Eodem
868 1227 966 1290 modo
999 1226 1259 1291 controversiam
1293 1225 1358 1290 dis·

182 1341 395 1418 ceptaverunt
427 1334 472 1398 M.
504 1335 659 1402 Schaefcr
689 1335 722 1398 in
750 1336 984 1400 dissertatione
1015 1358 1075 1400 sua
1110 1357 1227 1417 magna
1259 1333 1359 1400 laude

184 1445 283 1526 digna
314 1467 344 1528 q.
376 1446 398 1508 i.
450 1444 503 1510 De
530 1446 660 1510 iteratis
691 1445 779 1528 apud
810 1444 1034 1528 Theognidem
1065 1447 1215 1511 distichis
1246 1446 1357 1528 (Halia

187 1557 281 1638 1891)
307 1577 340 1638 p.
361 1559 477 1636 8-11,
501 1577 700 1639 quamquam
721 1557 851 1620 ratione
878 1558 978 1640 paulo
1003 1558 1069 1623 alia
1093 1557 1302 1638 concludens,
1328 1563 1362 1622 et

183 1665 292 1731 Gener
307 1665 430 1730 Philol.
453 1670 533 1730 1891
559 1690 589 1750 p.
610 1671 671 1731 533
694 1688 765 1751 sqq.
778 1667 813 1753 ⁸).
850 1666 956 1731 Iidem
979 1689 1053 1733 oum
1077 1671 1174 1734 etiam
1199 1668 1238 1733 de
1261 1669 1360 1733 versi·

182 1778 243 1842 bus
260 1781 387 1842 39-42
404 1782 438 1842 et
451 1781 531 1841 1081
543 1799 597 1842 a-
608 1778 721 1842 1082b
738 1777 911 1863 (Sohaefer
923 1800 954 1860 p.
965 1783 1059 1857 6-8,
1075 1777 1184 1844 Oauer
1195 1801 1227 1861 p.
1240 1779 1359 1864 533)⁴)‚

182 1892 581 1954 813-18611071-74
610 1890 785 1975 (Schaefer
807 1912 839 1972 p.
866 1894 904 1953 17
929 1911 989 1972 sq..
1013 1888 1122 1955 Oauer
1151 1912 1183 1972 p.
1208 1893 1270 1953 535
1295 1897 1358 1974 sq.)

183 1999 432 2081 Theognideam
455 2002 635 2065 carminum
653 2001 790 2066 formam
813 2002 925 2082 priore
947 2000 1021 2064 loco
1043 1999 1359 2074 fideliusservatam

182 2130 280 2191 quam
302 2113 488 2193 posteriore
508 2111 678 2194 praeclare
702 2111 870 2190 evicerint,
900 2132 967 2175 non
999 2132 1080 2192 opus
1110 2117 1161 2175 est
1188 2111 1286 2193 plura
1318 2113 1359 2178 de

182 2240 218 2284 re
251 2220 353 2284 verba
384 2220 502 2285 facere.
558 2221 678 2303 Itaque
708 2241 820 2284 versus
855 2223 1040 2302 1071-74,
1077 2222 1360 2302 10816-10881),

185 2333 353 2393 1109-14
373 2331 443 2395 6166
462 2330 530 2394 6116
553 2330 762 2395 dubitatione
788 2353 828 2394 ex
851 2330 1074 2413 Theognideis
1097 2332 1304 2397 secludamus
1326 2337 1361 2397 61

183 2441 433 2505 removebimus.

267 2552 374 2617 Porro
398 2560 475 2617 sunt
498 2574 581 2636 quas
604 2554 638 2642 in
660 2553 741 2640 duas
760 2560 872 2637 partes
895 2553 1094 2618 dirimendas
1119 2575 1269 2619 censeam
1294 2554 1358 2619 ele-

182 2663 267 2745 giae.
313 2662 374 2730 Vv.
401 2668 527 2728 83-86
560 2686 633 2746 cum
663 2663 796 2729 Hillero
829 2663 1032 2729 confidenter
1055 2687 1074 2727 a
1094 2664 1242 2728 versibus
1272 2669 1360 2727 ante-

219 2878 221 2882 ⁷
268 2895 290 2963 ¹)
309 2893 397 2975 Velut
421 2892 515 2947 Hiller
539 2913 566 2977 p.
579 2861 646 2960 4713
673 2895 768 2964 Bergk
792 2898 866 2964 poet.
885 2893 936 2962 lyr.
956 2894 1053 2948 Graec.
1073 2892 1123 2946 11⁴
1140 2911 1166 2961 p.
1179 2894 1231 2946 235
1250 2895 1358 2959 61836,

181 2979 413 3051 11166616696661,
431 2998 459 3049 p.
469 2982 520 3034 315
533 2998 592 3049 sqq.

268 3083 290 3152 ¹)
309 3083 435 3137 Similem
459 3082 600 3151 quandam
623 3084 791 3137 seutentiam
811 3083 986 3137 Schoemanu
1011 3081 1197 3150 (schediasma
1215 3080 1251 3134 de
1268 3078 1359 3133 Theo·

181 3169 265 3238 gnide
284 3186 350 3238 opp.
368 3168 413 3223 IV
430 3189 458 3239 p.
471 3173 517 3237 24)
535 3169 644 3237 profert
661 3168 704 3222 his
722 3170 828 3223 verbis:
848 3169 992 3224 Nimirum
1012 3183 1119 3221 omnem
1138 3166 1210 3221 1666
1227 3164 1358 3220 661166116-

180 3271 243 3308 nem
260 3269 317 3308 666
334 3270 406 3308 carra
423 3255 544 3322 quadam
558 3257 585 3308 61
595 3271 689 3309 severa
702 3255 812 3309 6611666
824 3255 925 3308 critica
937 3253 1091 3321 confectam
1104 3267 1159 3306 6666
1176 3250 1359 3318 manifestam

180 3340 234 3402 661,
259 3336 305 3390 scd
329 3338 492 3393 institutum
516 3340 551 3393 ab
575 3339 669 3406 aliquo
695 3343 817 3394 veterum
837 3343 987 3408 poctarum
1004 3337 1134 3403 6111611666,
1159 3337 1207 3405 qui
1225 3333 1359 3404 quidquid

181 3422 279 3489 ubique
299 3422 500 3493 Theoqaideum
515 3423 589 3490 ferri
606 3424 724 3488 uideret,
747 3424 824 3478 116116
843 3427 916 3478 certo
934 3423 1044 3489 ordine,
1068 3423 1114 3478 scd
1132 3426 1165 3477 61
1182 3421 1299 3490 quidque
1317 3435 1359 3474 oo·

180 3507 315 3562 currisset
331 3545 457 3565 .......
475 3509 507 3562 16
524 3508 637 3563 chartas
655 3509 807 3571 6661166661,
826 3526 883 3564 noa
900 3510 985 3565 66616
1002 3510 1035 3565 de
1046 3510 1219 3579 scopulorum
1236 3505 1359 3562 auctori·

182 3596 237 3649 1616
255 3593 397 3648 sollicitae.
433 3592 543 3647 Deinde
561 3598 655 3648 tamen
674 3594 704 3648 16
722 3596 890 3650 sententiam
909 3596 993 3665 paulo
1010 3595 1093 3648 611661
1112 3595 1179 3647 abit.

267 3697 290 3768 ⁸)
309 3697 351 3752 cf.
369 3695 463 3749 Hillor
479 3713 507 3764 p.
519 3697 585 3761 461,
610 3699 658 3766 qui
676 3703 771 3752 tamen
789 3697 1059 3769 argumentationem
1078 3713 1154 3749 snam
1173 3694 1308 3764 depravat
1326 3710 1359 3747 ea

181 3801 262 3852 quam
287 3782 437 3836 verborum
460 3778 565 3847 ἀγαθοί
590 3787 618 3835 61
641 3788 720 3834 κακοί
743 3786 842 3837 statuit
865 3785 989 3837 notione.
1030 3781 1105 3834 Vide
1128 3781 1210 3832 etiam
1229 3796 1283 3832 van
1307 3779 1359 3832 der

180 3870 293 3938 Meyum
310 3888 337 3939 p.
350 3871 367 3922 8
385 3867 448 3922 adn.
462 3869 484 3922 l.

218 3981 220 3985 '
265 3973 289 4040 4)
306 3971 391 4026 Prior
403 3971 534 4026 carminis
551 3971 641 4026 forma
659 3990 708 4027 cur
727 3972 856 4042 eligenda
872 3971 915 4035 sit,
934 3972 1019 4024 etiarn
1030 3972 1194 4037 argumento
1213 3983 1272 4020 esse
1290 3967 1358 4019 mihi

179 4056 291 4112 videtur
311 4076 365 4112 vox
383 4076 410 4127 q.
429 4074 452 4111 e.
472 4056 592 4126 ἡγεμόνα
610 4076 634 4110 v.
649 4058 752 4124 locro,
773 4074 842 4125 quae
861 4061 893 4109 ut
910 4072 974 4109 cnm
992 4054 1078 4108 verbo
1097 4051 1205 4105 στάσιος
1224 4052 1357 4120 coniungi

181 4147 294 4211 poterat
318 4143 386 4211 (vid.
405 4143 502 4197 111616.
521 4150 546 4208 9,
564 4143 606 4209 4),
630 4143 670 4195 116
693 4142 740 4196 hic
763 4142 905 4209 displicet,
930 4157 992 4194 cum
1016 4139 1142 4207 proximo
1167 4154 1249 4197 versu
1273 4155 1356 4192 sensu

180 4227 264 4296 paulo
282 4227 335 4280 alio
353 4228 457 4282 redeat.
