3036 4844
648 297 870 360 ...25-

172 491 313 558 editione
336 489 412 572 fuit,
448 489 526 571 quin
549 488 626 555 huie
648 489 780 555 leotioni
804 489 1078 572 adstipularetur,
1112 489 1162 556 illi
1189 490 1347 557 adversa-

172 614 273 675 retur.
319 606 485 672 Henrious
509 610 620 672 autem
643 606 773 672 Jordan
797 605 913 672 enixus
949 610 999 672 est
1033 610 1067 672 et
1100 606 1276 688 contendit,
1310 611 1349 672 ut

170 724 271 791 etiam
295 722 358 788 hoe
380 723 452 789 loeo
476 721 648 788 lectionem
672 720 791 803 prioris
815 720 879 787 loei
913 720 1046 788 leotioni
1080 721 1347 803 alterius,‚prae·

171 845 261 906 stare
285 838 482 904 ostenderet.
540 838 657 919 Neque
680 843 792 904 tamen
826 837 911 903 hane
946 838 1153 920 sententiam,
1188 844 1347 920 quantum

170 955 277 1037 video,
301 954 383 1022 viris
412 953 517 1020 doetis
552 953 717 1035 probavit.
774 951 936 1035 Equidem
970 972 1036 1020 non
1064 973 1182 1022 vereor
1214 975 1252 1042 re
1286 956 1349 1022 hoo

170 1071 302 1154 quidem
324 1072 395 1137 loeo
418 1070 448 1137 ei
470 1069 638 1150 assentiri3
664 1087 806 1151 namque
826 1069 916 1152 θυμὸν
933 1068 1009 1156 ἔχων
1026 1072 1133 1153 μίμνειν
1154 1070 1183 1137 si
1199 1071 1348 1154 legimur,

170 1187 293 1271 optime
315 1186 464 1269 procedit
487 1185 723 1252 sententiarum
741 1183 820 1251 ordo
843 1184 977 1267 iamque
999 1185 1033 1252 in
1057 1206 1095 1253 eo
1111 1191 1172 1269 est,
1195 1191 1232 1253 ut
1248 1205 1348 1253 enun-

169 1304 289 1371 tiatum
313 1309 412 1371 antea
434 1302 625 1368 incohatum
650 1302 693 1368 ad
716 1302 814 1368 finem
834 1303 1069 1384 perducamus:
1093 1321 1219 1386 pravus
1235 1311 1347 1372 autern

168 1440 275 1503 neque
298 1420 332 1486 in
360 1420 459 1486 rebus
494 1417 648 1484 eeoundis
683 1437 790 1500 neque
823 1418 857 1484 in
892 1405 1043 1485 adversio
1078 1419 1141 1487 soit
1179 1421 1348 1490 obstinata

169 1542 279 1604 mente
314 1536 488 1603 obdurare.
537 1535 612 1600 Hoe
646 1533 744 1599 modo
779 1533 949 1616 aptissime
984 1535 1126 1618 oppositi
1161 1542 1238 1604 sunt
1271 1539 1348 1605 boni

168 1652 328 1733 nominee,
352 1650 408 1733 qui
433 1649 659 1717 calamitatem
682 1650 736 1715 vel
759 1648 993 1732 gravissimam
1016 1650 1194 1734 perferant,
1221 1653 1346 1736 uranie,

169 1767 224 1849 qui
247 1785 354 1849 neque
378 1766 411 1832 in
435 1765 529 1833 bonis
552 1783 658 1846 neque
681 1764 715 1830 in
742 1763 840 1831 malis
874 1765 975 1831 rebus
1010 1765 1130 1832 durare
1164 1766 1345 1834 didieerint.

169 1884 217 1950 At
242 1883 334 1966 θυμὸν
363 1882 439 1968 ἔχων
467 1881 545 1964 quid
580 1882 643 1947 hoo
677 1879 741 1946 eibi
771 1879 862 1946 vult?
908 1881 1025 1946 Nonne
1060 1899 1192 1963 semper
1225 1883 1348 1966 legitur

171 1999 260 2083 θορὸν
284 1999 359 2085 ἔχειν
383 1997 495 2064 addito
520 1995 684 2063 adieetivo
707 1998 763 2064 vel
787 1995 979 2079 pronomine
994 1999 1049 2063 vel
1069 1997 1246 2065 adverbio?
1271 1999 1346 2067 Seio

173 2115 234 2181 hoo
255 2114 304 2181 ite
327 2133 414 2196 esse,
450 2114 490 2180 ef.
515 2113 603 2179 intra
626 2112 734 2180 minus
757 2111 875 2197 viginti
898 2131 1016 2179 versus
1039 2121 1092 2178 ter
1126 2114 1215 2196 apud
1239 2115 1345 2181 Theo-

177 2230 299 2310 gnidem
328 2250 359 2295 v.
386 2234 449 2294 748
474 2227 520 2291 καὶ
542 2229 603 2290 τίνα
626 2229 717 2311 θυμὸν
742 2228 818 2314 ἔχων

328 2358 360 2402 u.
386 2341 450 2402 765
474 2337 618 2422 ὁμόφρονα
640 2336 730 2418 θυμὸν
755 2335 871 2422 ἔχοντες

386 2450 451 2510 754
475 2447 608 2532 σώφρονα
630 2443 722 2526 θυμὸν
746 2444 822 2531 ἔχων

387 2557 452 2617 910
474 2551 521 2614 καὶ
543 2551 609 2638 δίχα
631 2551 722 2634 θυμὸν
747 2553 806 2639 ἔχοι

173 2674 205 2732 et
228 2667 316 2748 apud
339 2668 525 2734 Hesiodum
546 2668 627 2735 OD
651 2672 712 2733 147
738 2667 901 2750 ἀδάμαντος
925 2667 991 2754 ἕχον
1014 2672 1225 2755 κρατερόφρονα
1247 2669 1347 2751 θυμόν.

173 2782 237 2849 Sed
273 2802 348 2849 eum
383 2782 469 2848 idem
497 2782 665 2849 Hesiodus
694 2783 784 2848 dieat
811 2783 864 2866 (Ο.
888 2783 931 2848 D.
955 2783 1034 2867 441)
1063 2784 1164 2867 μηκέτι
1187 2786 1349 2847 παπταίνων

174 2898 240 2979 μεθ’
269 2899 425 2983 ὁμήλικας,
454 2897 522 2960 ἀλλ’
552 2897 596 2960 ἐπὶ
630 2898 703 2984 ἔργῳ
738 2898 845 2980 θυμὸν
884 2898 988 2984 ἔχων,
1016 2899 1197 2983 Theognidi
1232 2900 1347 2966 eodem

172 3013 355 3080 hexametri
389 3015 461 3081 loeo
496 3033 561 3081 non
596 3013 852 3080 abiudioandum
885 3014 962 3081 erit:
997 3013 1091 3084 δειλὸς
1117 3014 1174 3078 οὔτ’
1204 3015 1348 3099 ἀγαθοῖσιν

173 3127 315 3192 ἐπίσταται
355 3129 418 3193 οὔτε
461 3137 583 3192 κακοῖσιν
617 3130 708 3212 θαμινὸν
745 3130 822 3216 ἔχων
857 3131 977 3212 μίμνειν·
1018 3104 1057 3196 of.
1090 3151 1122 3197 V.
1159 3135 1347 3211 395—396,

172 3243 290 3326 quibus
319 3246 521 3312 eontrarium
544 3245 725 3312 virobono
750 3245 955 3312 attribuitur:
983 3242 986 3248 ’

346 3367 395 3423 τοῦ
421 3361 472 3444 μὲν
496 3363 549 3448 ροὶρ
573 3362 610 3425 τοὶ
634 3361 726 3425 δίκαια
749 3370 843 3449 ρρονεῖ
865 3365 937 3437 νόος,
961 3361 1024 3423 αὖτέ
1046 3383 1099 3448 περ
1123 3361 1175 3424 αἰεὶ

345 3478 420 3539 ἰθεῖα
442 3479 543 3561 γνώμη
566 3478 700 3564 στήθεσιν
725 3477 865 3564 ε’μπερὺῃ.

263 3592 388 3660 Contra
410 3593 501 3675 θυμὸν
525 3594 604 3676 ὁμῶς
627 3595 731 3677 ederem
754 3594 833 3676 quid
856 3593 920 3661 sibi
942 3593 1032 3674 velit,
1055 3594 1230 3676 pleneme
1253 3594 1346 3678 sugit.

173 3705 275 3776 Certe
292 3708 483 3791 enuntiatio,
504 3728 570 3790 qua
586 3708 707 3776 dieitur
722 3728 844 3791 pravos
863 3696 926 3776 neo
946 3708 1041 3776 bonis
1057 3728 1118 3776 nee
1134 3709 1232 3777 malis
1248 3711 1347 3779 rebus

174 3825 300 3906 pariter
323 3825 467 3891 animum
492 3826 631 3892 miseere
654 3825 809 3892 didioisse
826 3825 890 3908 vel,
913 3830 951 3891 ut
965 3826 1019 3892 W.
1036 3825 1076 3892 Ε.
1093 3826 1217 3892 Weber
1232 3825 1346 3892 vertit:

334 3949 437 4034 Feige
461 3951 609 4034 dagegen
631 3951 808 4018 verstehen
831 3968 868 4016 eo
890 3949 999 4032 wenig
1021 3949 1095 4016 dem
1119 3948 1231 4018 Gluok

494 4057 557 4124 wie
581 4059 655 4124 dem
678 4057 781 4124 Leide
943 4076 945 4081 ·

336 4172 454 4240 Gleioh
476 4193 518 4239 zu
541 4173 729 4257 gebehrden
752 4173 815 4240 den
837 4172 924 4239 Muti

176 4305 239 4371 hoo
261 4307 333 4373 loeo
357 4306 490 4374 minime
513 4307 665 4392 quadrat,
693 4307 751 4375 ubi
775 4313 808 4374 et
840 4307 875 4373 in
908 4304 1024 4389 primis
1059 4313 1092 4375 et
1124 4307 1159 4375 in
1193 4308 1348 4375 extremis

180 4422 331 4490 versibus
354 4423 570 4506 praecipitur:
594 4431 708 4506 persta
730 4430 830 4506 atque
846 4423 988 4493 obdurat
1013 4424 1100 4510 Quid
1116 4425 1157 4492 de
1172 4425 1350 4493 leetionum
