<?xml version="1.0" encoding="UTF-8"?>
<!DOCTYPE html PUBLIC "-//W3C//DTD XHTML 1.0 Transitional//EN"
    "http://www.w3.org/TR/xhtml1/DTD/xhtml1-transitional.dtd">
<html xmlns="http://www.w3.org/1999/xhtml" xml:lang="en" lang="en">
 <head>
  <title>
</title>
<meta http-equiv="Content-Type" content="text/html;charset=utf-8" />
  <meta name='ocr-system' content='tesseract 3.04.00' />
  <meta name='ocr-capabilities' content='ocr_page ocr_carea ocr_par ocr_line ocrx_word'/>
</head>
<body>
  <div class='ocr_page' id='page_1' title='image "./studiatheognide00lucagoog_0053.png"; bbox 0 0 3036 4844; ppageno 0'>
   <div class='ocr_carea' id='block_1_1' title="bbox 653 245 865 307">
    <p class='ocr_par' dir='ltr' id='par_1_1' title="bbox 653 245 865 307">
     <span class='ocr_line' id='line_1_1' title="bbox 653 245 865 307; baseline -0.005 -17"><span class='ocrx_word' id='word_1_1' title='bbox 653 245 865 307; x_wconf 71' lang='lat'>..24-</span> 
     </span>
    </p>
   </div>
   <div class='ocr_carea' id='block_1_2' title="bbox 164 434 1405 3067">
    <p class='ocr_par' dir='ltr' id='par_1_2' title="bbox 164 434 1405 2398">
     <span class='ocr_line' id='line_1_2' title="bbox 164 434 1345 523; baseline -0.003 -19"><span class='ocrx_word' id='word_1_2' title='bbox 164 441 247 519; x_wconf 89' lang='lat' dir='ltr'>tias;</span> <span class='ocrx_word' id='word_1_3' title='bbox 269 439 430 523; x_wconf 81' lang='lat' dir='ltr'>plerique,</span> <span class='ocrx_word' id='word_1_4' title='bbox 459 443 497 502; x_wconf 90' lang='lat' dir='ltr'>ut</span> <span class='ocrx_word' id='word_1_5' title='bbox 518 459 580 502; x_wconf 81' lang='lat' dir='ltr'>van</span> <span class='ocrx_word' id='word_1_6' title='bbox 604 437 663 502; x_wconf 93' lang='lat' dir='ltr'>der</span> <span class='ocrx_word' id='word_1_7' title='bbox 687 438 759 521; x_wconf 88' lang='lat' dir='ltr'>Mey</span> <span class='ocrx_word' id='word_1_8' title='bbox 784 437 894 502; x_wconf 90' lang='lat' dir='ltr'>Hiller</span> <span class='ocrx_word' id='word_1_9' title='bbox 916 434 1025 502; x_wconf 81' lang='lat' dir='ltr'>(leuat</span> <span class='ocrx_word' id='word_1_10' title='bbox 1044 435 1202 517; x_wconf 87' lang='lat' dir='ltr'>Oorsenn,</span> <span class='ocrx_word' id='word_1_11' title='bbox 1229 438 1345 503; x_wconf 90' lang='lat' dir='ltr'>sinon</span> 
     </span>
     <span class='ocr_line' id='line_1_3' title="bbox 167 547 1345 631; baseline -0.001 -17"><span class='ocrx_word' id='word_1_12' title='bbox 167 556 273 615; x_wconf 88' lang='lat' dir='ltr'>totum</span> <span class='ocrx_word' id='word_1_13' title='bbox 297 550 434 631; x_wconf 90' lang='lat' dir='ltr'>librum,</span> <span class='ocrx_word' id='word_1_14' title='bbox 469 556 504 614; x_wconf 92' lang='lat' dir='ltr'>at</span> <span class='ocrx_word' id='word_1_15' title='bbox 534 549 710 614; x_wconf 85' lang='lat' dir='ltr'><strong>maximam</strong></span> <span class='ocrx_word' id='word_1_16' title='bbox 732 556 861 631; x_wconf 90' lang='lat' dir='ltr'>partem</span> <span class='ocrx_word' id='word_1_17' title='bbox 884 548 926 612; x_wconf 90' lang='lat' dir='ltr'>ab</span> <span class='ocrx_word' id='word_1_18' title='bbox 948 547 1079 612; x_wconf 91' lang='lat' dir='ltr'>homine</span> <span class='ocrx_word' id='word_1_19' title='bbox 1101 547 1246 631; x_wconf 89' lang='lat' dir='ltr'>quodam</span> <span class='ocrx_word' id='word_1_20' title='bbox 1270 568 1345 631; x_wconf 92' lang='lat' dir='ltr'>pro·</span> 
     </span>
     <span class='ocr_line' id='line_1_4' title="bbox 172 656 1405 743; baseline -0.003 -18"><span class='ocrx_word' id='word_1_21' title='bbox 172 660 291 726; x_wconf 83' lang='lat' dir='ltr'>sectam</span> <span class='ocrx_word' id='word_1_22' title='bbox 315 682 386 727; x_wconf 89' lang='lat' dir='ltr'>esse</span> <span class='ocrx_word' id='word_1_23' title='bbox 408 665 537 743; x_wconf 90' lang='lat' dir='ltr'>putant,</span> <span class='ocrx_word' id='word_1_24' title='bbox 568 659 624 742; x_wconf 92' lang='lat' dir='ltr'>qui</span> <span class='ocrx_word' id='word_1_25' title='bbox 645 681 685 722; x_wconf 86' lang='lat' dir='ltr'>ex</span> <span class='ocrx_word' id='word_1_26' title='bbox 707 659 833 741; x_wconf 85' lang='lat' dir='ltr'>sylloge</span> <span class='ocrx_word' id='word_1_27' title='bbox 854 656 1053 740; x_wconf 79' lang='lat' dir='ltr'>Theognidis</span> <span class='ocrx_word' id='word_1_28' title='bbox 1076 679 1116 722; x_wconf 91' lang='lat' dir='ltr'>ea</span> <span class='ocrx_word' id='word_1_29' title='bbox 1142 680 1228 742; x_wconf 93' lang='lat' dir='ltr'>quae</span> <span class='ocrx_word' id='word_1_30' title='bbox 1249 657 1348 723; x_wconf 91' lang='lat' dir='ltr'>hodie</span> <span class='ocrx_word' id='word_1_31' title='bbox 1403 738 1405 743; x_wconf 91' lang='lat'>.</span> 
     </span>
     <span class='ocr_line' id='line_1_5' title="bbox 169 768 1348 850; baseline -0.003 -15"><span class='ocrx_word' id='word_1_32' title='bbox 169 777 279 838; x_wconf 88' lang='lat' dir='ltr'>exstat</span> <span class='ocrx_word' id='word_1_33' title='bbox 310 771 428 844; x_wconf 87' lang='lat' dir='ltr'>verbis,</span> <span class='ocrx_word' id='word_1_34' title='bbox 457 770 607 834; x_wconf 86' lang='lat' dir='ltr'>formulis</span> <span class='ocrx_word' id='word_1_35' title='bbox 631 768 779 850; x_wconf 90' lang='lat' dir='ltr'>dicendi,</span> <span class='ocrx_word' id='word_1_36' title='bbox 811 768 960 833; x_wconf 86' lang='lat' dir='ltr'>versibus</span> <span class='ocrx_word' id='word_1_37' title='bbox 983 770 1061 833; x_wconf 88' lang='lat' dir='ltr'>totis</span> <span class='ocrx_word' id='word_1_38' title='bbox 1090 770 1142 833; x_wconf 87' lang='lat' dir='ltr'>vel</span> <span class='ocrx_word' id='word_1_39' title='bbox 1166 768 1348 833; x_wconf 76' lang='lat' dir='ltr'>dimidiatis</span> 
     </span>
     <span class='ocr_line' id='line_1_6' title="bbox 168 879 1347 966; baseline -0.004 -19"><span class='ocrx_word' id='word_1_40' title='bbox 168 883 291 966; x_wconf 90' lang='lat' dir='ltr'>passim</span> <span class='ocrx_word' id='word_1_41' title='bbox 315 881 436 965; x_wconf 90' lang='lat' dir='ltr'>ereptis</span> <span class='ocrx_word' id='word_1_42' title='bbox 459 887 494 946; x_wconf 92' lang='lat' dir='ltr'>et</span> <span class='ocrx_word' id='word_1_43' title='bbox 516 880 677 962; x_wconf 77' lang='lat' dir='ltr'>excerptis</span> <span class='ocrx_word' id='word_1_44' title='bbox 695 880 818 961; x_wconf 92' lang='lat' dir='ltr'>elegias</span> <span class='ocrx_word' id='word_1_45' title='bbox 840 879 914 944; x_wconf 91' lang='lat' dir='ltr'>illas</span> <span class='ocrx_word' id='word_1_46' title='bbox 938 880 1115 944; x_wconf 86' lang='lat' dir='ltr'>amatorias</span> <span class='ocrx_word' id='word_1_47' title='bbox 1132 879 1347 962; x_wconf 77' lang='lat' dir='ltr'>compegerit,</span> 
     </span>
     <span class='ocr_line' id='line_1_7' title="bbox 168 987 1347 1071; baseline -0.003 -13"><span class='ocrx_word' id='word_1_48' title='bbox 168 996 238 1060; x_wconf 77' lang='lat' dir='ltr'>sive</span> <span class='ocrx_word' id='word_1_49' title='bbox 271 993 407 1058; x_wconf 90' lang='lat' dir='ltr'>ludendi</span> <span class='ocrx_word' id='word_1_50' title='bbox 442 1013 541 1056; x_wconf 92' lang='lat' dir='ltr'>causa</span> <span class='ocrx_word' id='word_1_51' title='bbox 574 993 641 1055; x_wconf 90' lang='lat' dir='ltr'>sive</span> <span class='ocrx_word' id='word_1_52' title='bbox 672 997 709 1055; x_wconf 91' lang='lat' dir='ltr'>ut</span> <span class='ocrx_word' id='word_1_53' title='bbox 740 991 887 1054; x_wconf 90' lang='lat' dir='ltr'>carmina</span> <span class='ocrx_word' id='word_1_54' title='bbox 921 987 1124 1071; x_wconf 77' lang='lat' dir='ltr'>Theognidis</span> <span class='ocrx_word' id='word_1_55' title='bbox 1158 1011 1198 1054; x_wconf 89' lang='lat' dir='ltr'>ex</span> <span class='ocrx_word' id='word_1_56' title='bbox 1229 991 1347 1071; x_wconf 90' lang='lat' dir='ltr'>quibus</span> 
     </span>
     <span class='ocr_line' id='line_1_8' title="bbox 168 1100 1348 1183; baseline -0.005 -13"><span class='ocrx_word' id='word_1_57' title='bbox 168 1106 316 1170; x_wconf 83' lang='lat' dir='ltr'>hauserit</span> <span class='ocrx_word' id='word_1_58' title='bbox 330 1105 364 1168; x_wconf 93' lang='lat' dir='ltr'>in</span> <span class='ocrx_word' id='word_1_59' title='bbox 381 1103 556 1168; x_wconf 89' lang='lat' dir='ltr'>ridiculum</span> <span class='ocrx_word' id='word_1_60' title='bbox 570 1107 721 1166; x_wconf 89' lang='lat' dir='ltr'>verteret.</span> <span class='ocrx_word' id='word_1_61' title='bbox 745 1100 821 1164; x_wconf 91' lang='lat' dir='ltr'>Hoc</span> <span class='ocrx_word' id='word_1_62' title='bbox 835 1100 1008 1183; x_wconf 87' lang='lat' dir='ltr'>parodiam</span> <span class='ocrx_word' id='word_1_63' title='bbox 1020 1107 1146 1166; x_wconf 85' lang='lat' dir='ltr'>vocant.</span> <span class='ocrx_word' id='word_1_64' title='bbox 1170 1101 1348 1168; x_wconf 85' lang='lat' dir='ltr'>Schneide-</span> 
     </span>
     <span class='ocr_line' id='line_1_9' title="bbox 169 1210 1348 1294; baseline -0.004 -14"><span class='ocrx_word' id='word_1_65' title='bbox 169 1217 232 1280; x_wconf 91' lang='lat' dir='ltr'>win</span> <span class='ocrx_word' id='word_1_66' title='bbox 269 1222 380 1280; x_wconf 90' lang='lat' dir='ltr'>autem</span> <span class='ocrx_word' id='word_1_67' title='bbox 423 1213 650 1278; x_wconf 81' lang='lat' dir='ltr'>collectionem</span> <span class='ocrx_word' id='word_1_68' title='bbox 687 1211 913 1275; x_wconf 85' lang='lat' dir='ltr'>concinnatam</span> <span class='ocrx_word' id='word_1_69' title='bbox 950 1210 1120 1276; x_wconf 82' lang='lat' dir='ltr'>existimat</span> <span class='ocrx_word' id='word_1_70' title='bbox 1156 1233 1196 1276; x_wconf 89' lang='lat' dir='ltr'>ex</span> <span class='ocrx_word' id='word_1_71' title='bbox 1233 1212 1348 1294; x_wconf 89' lang='lat' dir='ltr'>elegiis</span> 
     </span>
     <span class='ocr_line' id='line_1_10' title="bbox 171 1320 1349 1407; baseline -0.003 -16"><span class='ocrx_word' id='word_1_72' title='bbox 171 1326 365 1407; x_wconf 90' lang='lat' dir='ltr'>Mimnermi,</span> <span class='ocrx_word' id='word_1_73' title='bbox 383 1323 524 1404; x_wconf 86' lang='lat' dir='ltr'>Solonis,</span> <span class='ocrx_word' id='word_1_74' title='bbox 549 1321 750 1405; x_wconf 74' lang='lat' dir='ltr'>Theognidis</span> <span class='ocrx_word' id='word_1_75' title='bbox 769 1320 915 1400; x_wconf 67' lang='lat' dir='ltr'>sinceris</span> <span class='ocrx_word' id='word_1_76' title='bbox 937 1322 1135 1387; x_wconf 89' lang='lat' dir='ltr'>carminibus</span> <span class='ocrx_word' id='word_1_77' title='bbox 1151 1323 1349 1404; x_wconf 80' lang='lat' dir='ltr'>quibusdam</span> 
     </span>
     <span class='ocr_line' id='line_1_11' title="bbox 170 1430 1350 1520; baseline -0.003 -19"><span class='ocrx_word' id='word_1_78' title='bbox 170 1435 353 1520; x_wconf 90' lang='lat' dir='ltr'>parodicis,</span> <span class='ocrx_word' id='word_1_79' title='bbox 383 1435 531 1500; x_wconf 86' lang='lat' dir='ltr'>versibus</span> <span class='ocrx_word' id='word_1_80' title='bbox 567 1433 607 1498; x_wconf 95' lang='lat' dir='ltr'>ab</span> <span class='ocrx_word' id='word_1_81' title='bbox 641 1434 712 1515; x_wconf 92' lang='lat' dir='ltr'>ipso</span> <span class='ocrx_word' id='word_1_82' title='bbox 748 1431 894 1516; x_wconf 83' lang='lat' dir='ltr'>syllegae</span> <span class='ocrx_word' id='word_1_83' title='bbox 928 1430 1114 1498; x_wconf 85' lang='lat' dir='ltr'>confectore</span> <span class='ocrx_word' id='word_1_84' title='bbox 1149 1433 1279 1499; x_wconf 86' lang='lat' dir='ltr'>exiliter</span> <span class='ocrx_word' id='word_1_85' title='bbox 1315 1440 1350 1498; x_wconf 91' lang='lat' dir='ltr'>et</span> 
     </span>
     <span class='ocr_line' id='line_1_12' title="bbox 171 1541 1350 1611; baseline -0.003 0"><span class='ocrx_word' id='word_1_86' title='bbox 171 1547 279 1611; x_wconf 90' lang='lat' dir='ltr'>ieiune</span> <span class='ocrx_word' id='word_1_87' title='bbox 319 1545 428 1611; x_wconf 88' lang='lat' dir='ltr'>factis.</span> <span class='ocrx_word' id='word_1_88' title='bbox 489 1543 615 1610; x_wconf 83' lang='lat' dir='ltr'>Oontra</span> <span class='ocrx_word' id='word_1_89' title='bbox 655 1541 829 1607; x_wconf 87' lang='lat' dir='ltr'>Nietzsche</span> <span class='ocrx_word' id='word_1_90' title='bbox 866 1541 1014 1607; x_wconf 90' lang='lat' dir='ltr'>libellum</span> <span class='ocrx_word' id='word_1_91' title='bbox 1053 1543 1240 1608; x_wconf 88' lang='lat' dir='ltr'>Mimnermi</span> <span class='ocrx_word' id='word_1_92' title='bbox 1278 1565 1350 1610; x_wconf 90' lang='lat' dir='ltr'>esse</span> 
     </span>
     <span class='ocr_line' id='line_1_13' title="bbox 172 1651 1349 1740; baseline -0.005 -17"><span class='ocrx_word' id='word_1_93' title='bbox 172 1657 372 1738; x_wconf 82' lang='lat' dir='ltr'>arbitratur3</span> <span class='ocrx_word' id='word_1_94' title='bbox 398 1679 495 1740; x_wconf 93' lang='lat' dir='ltr'>quem</span> <span class='ocrx_word' id='word_1_95' title='bbox 517 1656 638 1721; x_wconf 92' lang='lat' dir='ltr'>librum</span> <span class='ocrx_word' id='word_1_96' title='bbox 654 1653 819 1719; x_wconf 91' lang='lat' dir='ltr'>hominem</span> <span class='ocrx_word' id='word_1_97' title='bbox 837 1651 1035 1734; x_wconf 85' lang='lat' dir='ltr'>Theognidis</span> <span class='ocrx_word' id='word_1_98' title='bbox 1055 1655 1240 1737; x_wconf 84' lang='lat' dir='ltr'>sapientiae</span> <span class='ocrx_word' id='word_1_99' title='bbox 1256 1654 1349 1719; x_wconf 90' lang='lat' dir='ltr'>laudi</span> 
     </span>
     <span class='ocr_line' id='line_1_14' title="bbox 170 1762 1352 1849; baseline -0.002 -16"><span class='ocrx_word' id='word_1_100' title='bbox 170 1767 372 1834; x_wconf 85' lang='lat' dir='ltr'>invidentem</span> <span class='ocrx_word' id='word_1_101' title='bbox 395 1766 526 1832; x_wconf 89' lang='lat' dir='ltr'>saeculo</span> <span class='ocrx_word' id='word_1_102' title='bbox 555 1767 670 1849; x_wconf 92' lang='lat' dir='ltr'>quinto</span> <span class='ocrx_word' id='word_1_103' title='bbox 693 1787 723 1847; x_wconf 90' lang='lat' dir='ltr'>p.</span> <span class='ocrx_word' id='word_1_104' title='bbox 747 1762 807 1830; x_wconf 82' lang='lat' dir='ltr'>(lh.</span> <span class='ocrx_word' id='word_1_105' title='bbox 833 1764 875 1828; x_wconf 91' lang='lat' dir='ltr'>ad</span> <span class='ocrx_word' id='word_1_106' title='bbox 899 1763 1059 1846; x_wconf 89' lang='lat' dir='ltr'>syllogam</span> <span class='ocrx_word' id='word_1_107' title='bbox 1089 1765 1286 1831; x_wconf 86' lang='lat' dir='ltr'>adnexuisse</span> <span class='ocrx_word' id='word_1_108' title='bbox 1313 1772 1352 1831; x_wconf 89' lang='lat' dir='ltr'>ut</span> 
     </span>
     <span class='ocr_line' id='line_1_15' title="bbox 171 1863 1351 1963; baseline -0.004 -18"><span class='ocrx_word' id='word_1_109' title='bbox 171 1863 291 1963; x_wconf 89' lang='lat' dir='ltr'>poetae</span> <span class='ocrx_word' id='word_1_110' title='bbox 313 1880 477 1944; x_wconf 91' lang='lat' dir='ltr'>maculam</span> <span class='ocrx_word' id='word_1_111' title='bbox 500 1879 621 1942; x_wconf 91' lang='lat' dir='ltr'>amoris</span> <span class='ocrx_word' id='word_1_112' title='bbox 644 1876 780 1959; x_wconf 89' lang='lat' dir='ltr'>puerilis</span> <span class='ocrx_word' id='word_1_113' title='bbox 802 1879 999 1958; x_wconf 85' lang='lat' dir='ltr'>aspergeret.</span> <span class='ocrx_word' id='word_1_114' title='bbox 1045 1873 1200 1957; x_wconf 89' lang='lat' dir='ltr'>Hartuug</span> <span class='ocrx_word' id='word_1_115' title='bbox 1228 1897 1351 1959; x_wconf 87' lang='lat' dir='ltr'>appen-</span> 
     </span>
     <span class='ocr_line' id='line_1_16' title="bbox 171 1984 1344 2072; baseline -0.003 -18"><span class='ocrx_word' id='word_1_116' title='bbox 171 1991 275 2056; x_wconf 91' lang='lat' dir='ltr'>dicem</span> <span class='ocrx_word' id='word_1_117' title='bbox 299 1996 404 2054; x_wconf 88' lang='lat' dir='ltr'>totam</span> <span class='ocrx_word' id='word_1_118' title='bbox 433 1989 548 2072; x_wconf 89' lang='lat' dir='ltr'>paucis</span> <span class='ocrx_word' id='word_1_119' title='bbox 570 1987 718 2053; x_wconf 82' lang='lat' dir='ltr'>versibus</span> <span class='ocrx_word' id='word_1_120' title='bbox 749 1987 892 2068; x_wconf 88' lang='lat' dir='ltr'>exceptis</span> <span class='ocrx_word' id='word_1_121' title='bbox 916 1984 1032 2050; x_wconf 77' lang='lat' dir='ltr'>Eueno</span> <span class='ocrx_word' id='word_1_122' title='bbox 1058 1986 1186 2050; x_wconf 89' lang='lat' dir='ltr'>tribuit.</span> <span class='ocrx_word' id='word_1_123' title='bbox 1232 1986 1344 2051; x_wconf 81' lang='lat' dir='ltr'>lltiarn</span> 
     </span>
     <span class='ocr_line' id='line_1_17' title="bbox 172 2085 1351 2182; baseline -0.001 -19"><span class='ocrx_word' id='word_1_124' title='bbox 172 2101 213 2164; x_wconf 91' lang='lat' dir='ltr'>de</span> <span class='ocrx_word' id='word_1_125' title='bbox 235 2106 385 2182; x_wconf 89' lang='lat' dir='ltr'>tempore</span> <span class='ocrx_word' id='word_1_126' title='bbox 409 2098 551 2163; x_wconf 86' lang='lat' dir='ltr'>confecti</span> <span class='ocrx_word' id='word_1_127' title='bbox 565 2098 641 2162; x_wconf 94' lang='lat' dir='ltr'>libri</span> <span class='ocrx_word' id='word_1_128' title='bbox 661 2096 862 2161; x_wconf 88' lang='lat' dir='ltr'>dissentiunt</span> <span class='ocrx_word' id='word_1_129' title='bbox 877 2085 996 2160; x_wconf 88' lang='lat' dir='ltr'>critici.</span> <span class='ocrx_word' id='word_1_130' title='bbox 1042 2094 1230 2180; x_wconf 87' lang='lat' dir='ltr'>Hertzberg</span> <span class='ocrx_word' id='word_1_131' title='bbox 1246 2100 1351 2162; x_wconf 91' lang='lat' dir='ltr'>aetati</span> 
     </span>
     <span class='ocr_line' id='line_1_18' title="bbox 172 2205 1353 2288; baseline 0.001 -14"><span class='ocrx_word' id='word_1_132' title='bbox 172 2209 423 2274; x_wconf 86' lang='lat' dir='ltr'>Alexandrinae</span> <span class='ocrx_word' id='word_1_133' title='bbox 444 2208 600 2287; x_wconf 84' lang='lat' dir='ltr'>vindicat,</span> <span class='ocrx_word' id='word_1_134' title='bbox 625 2207 735 2273; x_wconf 84' lang='lat' dir='ltr'>Oouat</span> <span class='ocrx_word' id='word_1_135' title='bbox 757 2226 836 2270; x_wconf 88' lang='lat' dir='ltr'>aevo</span> <span class='ocrx_word' id='word_1_136' title='bbox 860 2205 1055 2288; x_wconf 88' lang='lat' dir='ltr'>Byzantino,</span> <span class='ocrx_word' id='word_1_137' title='bbox 1079 2207 1188 2272; x_wconf 91' lang='lat' dir='ltr'>Hiller</span> <span class='ocrx_word' id='word_1_138' title='bbox 1210 2214 1243 2272; x_wconf 91' lang='lat' dir='ltr'>et</span> <span class='ocrx_word' id='word_1_139' title='bbox 1270 2206 1353 2275; x_wconf 86' lang='lat' dir='ltr'>Ocr-</span> 
     </span>
     <span class='ocr_line' id='line_1_19' title="bbox 173 2316 1156 2398; baseline -0.001 -15"><span class='ocrx_word' id='word_1_140' title='bbox 173 2341 253 2384; x_wconf 86' lang='lat' dir='ltr'>senn</span> <span class='ocrx_word' id='word_1_141' title='bbox 276 2324 353 2383; x_wconf 89' lang='lat' dir='ltr'>ante</span> <span class='ocrx_word' id='word_1_142' title='bbox 378 2316 682 2382; x_wconf 88' lang='lat' dir='ltr'>Alexandrinorum</span> <span class='ocrx_word' id='word_1_143' title='bbox 705 2323 856 2398; x_wconf 89' lang='lat' dir='ltr'>tempora</span> <span class='ocrx_word' id='word_1_144' title='bbox 879 2324 986 2381; x_wconf 90' lang='lat' dir='ltr'>ortum</span> <span class='ocrx_word' id='word_1_145' title='bbox 1008 2317 1156 2382; x_wconf 90' lang='lat' dir='ltr'>credunt.</span> 
     </span>
    </p>

    <p class='ocr_par' dir='ltr' id='par_1_3' title="bbox 174 2426 1354 3067">
     <span class='ocr_line' id='line_1_20' title="bbox 259 2426 1349 2512; baseline 0.001 -17"><span class='ocrx_word' id='word_1_146' title='bbox 259 2427 344 2495; x_wconf 83' lang='lat' dir='ltr'>Sunt</span> <span class='ocrx_word' id='word_1_147' title='bbox 365 2433 481 2494; x_wconf 92' lang='lat' dir='ltr'>contra</span> <span class='ocrx_word' id='word_1_148' title='bbox 503 2429 560 2512; x_wconf 92' lang='lat' dir='ltr'>qui</span> <span class='ocrx_word' id='word_1_149' title='bbox 583 2427 624 2490; x_wconf 94' lang='lat' dir='ltr'>de</span> <span class='ocrx_word' id='word_1_150' title='bbox 645 2426 793 2510; x_wconf 89' lang='lat' dir='ltr'>parodiis</span> <span class='ocrx_word' id='word_1_151' title='bbox 811 2447 877 2491; x_wconf 91' lang='lat' dir='ltr'>non</span> <span class='ocrx_word' id='word_1_152' title='bbox 900 2427 1044 2508; x_wconf 88' lang='lat' dir='ltr'>cogitent</span> <span class='ocrx_word' id='word_1_153' title='bbox 1067 2431 1189 2512; x_wconf 89' lang='lat' dir='ltr'>quique</span> <span class='ocrx_word' id='word_1_154' title='bbox 1210 2431 1349 2496; x_wconf 92' lang='lat' dir='ltr'>eundem</span> 
     </span>
     <span class='ocr_line' id='line_1_21' title="bbox 174 2536 1354 2625; baseline 0.003 -22"><span class='ocrx_word' id='word_1_155' title='bbox 174 2544 296 2604; x_wconf 89' lang='lat' dir='ltr'>statum</span> <span class='ocrx_word' id='word_1_156' title='bbox 320 2547 421 2623; x_wconf 90' lang='lat' dir='ltr'>atque</span> <span class='ocrx_word' id='word_1_157' title='bbox 443 2539 520 2604; x_wconf 90' lang='lat' dir='ltr'>libri</span> <span class='ocrx_word' id='word_1_158' title='bbox 547 2539 644 2622; x_wconf 90' lang='lat' dir='ltr'>primi</span> <span class='ocrx_word' id='word_1_159' title='bbox 667 2539 848 2622; x_wconf 84' lang='lat' dir='ltr'>accipiant,</span> <span class='ocrx_word' id='word_1_160' title='bbox 880 2536 950 2604; x_wconf 90' lang='lat' dir='ltr'>scil.</span> <span class='ocrx_word' id='word_1_161' title='bbox 979 2538 1078 2602; x_wconf 89' lang='lat' dir='ltr'>etiam</span> <span class='ocrx_word' id='word_1_162' title='bbox 1106 2540 1226 2604; x_wconf 92' lang='lat' dir='ltr'>librum</span> <span class='ocrx_word' id='word_1_163' title='bbox 1257 2547 1280 2625; x_wconf 76' lang='grc' dir='ltr'>β</span> <span class='ocrx_word' id='word_1_164' title='bbox 1310 2543 1354 2607; x_wconf 90' lang='lat' dir='ltr'>ab</span> 
     </span>
     <span class='ocr_line' id='line_1_22' title="bbox 175 2647 1352 2734; baseline 0 -18"><span class='ocrx_word' id='word_1_165' title='bbox 175 2651 393 2734; x_wconf 88' lang='lat' dir='ltr'>epitomatore</span> <span class='ocrx_word' id='word_1_166' title='bbox 416 2672 456 2715; x_wconf 86' lang='lat' dir='ltr'>ex</span> <span class='ocrx_word' id='word_1_167' title='bbox 478 2650 612 2734; x_wconf 88' lang='lat' dir='ltr'>syllogis</span> <span class='ocrx_word' id='word_1_168' title='bbox 635 2648 834 2731; x_wconf 90' lang='lat' dir='ltr'>Theognidis</span> <span class='ocrx_word' id='word_1_169' title='bbox 857 2655 890 2713; x_wconf 89' lang='lat' dir='ltr'>et</span> <span class='ocrx_word' id='word_1_170' title='bbox 913 2647 1053 2712; x_wconf 89' lang='lat' dir='ltr'>aliorum</span> <span class='ocrx_word' id='word_1_171' title='bbox 1072 2657 1245 2733; x_wconf 90' lang='lat' dir='ltr'>poetarum</span> <span class='ocrx_word' id='word_1_172' title='bbox 1268 2654 1352 2716; x_wconf 89' lang='lat' dir='ltr'>anti·</span> 
     </span>
     <span class='ocr_line' id='line_1_23' title="bbox 175 2759 1354 2846; baseline 0.003 -20"><span class='ocrx_word' id='word_1_173' title='bbox 175 2782 315 2844; x_wconf 88' lang='lat' dir='ltr'>quorum</span> <span class='ocrx_word' id='word_1_174' title='bbox 339 2767 561 2842; x_wconf 88' lang='lat' dir='ltr'>contractum,</span> <span class='ocrx_word' id='word_1_175' title='bbox 593 2761 751 2826; x_wconf 92' lang='lat' dir='ltr'>nonnulla</span> <span class='ocrx_word' id='word_1_176' title='bbox 782 2764 871 2825; x_wconf 88' lang='lat' dir='ltr'>certe</span> <span class='ocrx_word' id='word_1_177' title='bbox 894 2759 1095 2842; x_wconf 90' lang='lat' dir='ltr'>Theognidis</span> <span class='ocrx_word' id='word_1_178' title='bbox 1125 2765 1259 2846; x_wconf 90' lang='lat' dir='ltr'>propria</span> <span class='ocrx_word' id='word_1_179' title='bbox 1282 2785 1354 2829; x_wconf 88' lang='lat' dir='ltr'>esse</span> 
     </span>
     <span class='ocr_line' id='line_1_24' title="bbox 175 2870 1354 2957; baseline 0.002 -21"><span class='ocrx_word' id='word_1_180' title='bbox 175 2876 383 2953; x_wconf 84' lang='grc'>(1853-56),</span> <span class='ocrx_word' id='word_1_181' title='bbox 404 2872 536 2940; x_wconf 87' lang='lat' dir='ltr'>Solonis</span> <span class='ocrx_word' id='word_1_182' title='bbox 560 2893 632 2938; x_wconf 90' lang='lat' dir='ltr'>esse</span> <span class='ocrx_word' id='word_1_183' title='bbox 656 2873 771 2950; x_wconf 76' lang='grc'>125314</span> <span class='ocrx_word' id='word_1_184' title='bbox 788 2872 902 2951; x_wconf 91' lang='lat' dir='ltr'>(etiam</span> <span class='ocrx_word' id='word_1_185' title='bbox 925 2875 1037 2957; x_wconf 76' lang='lat' dir='ltr'>1255s6</span> <span class='ocrx_word' id='word_1_186' title='bbox 1047 2870 1087 2954; x_wconf 77' lang='lat' dir='ltr'>P),</span> <span class='ocrx_word' id='word_1_187' title='bbox 1108 2894 1157 2939; x_wconf 87' lang='lat' dir='ltr'>vv.</span> <span class='ocrx_word' id='word_1_188' title='bbox 1183 2877 1354 2938; x_wconf 76' lang='lat'>1345-50</span> 
     </span>
     <span class='ocr_line' id='line_1_25' title="bbox 175 2983 1351 3067; baseline 0.002 -19"><span class='ocrx_word' id='word_1_189' title='bbox 175 2983 316 3049; x_wconf 84' lang='lat' dir='ltr'>fortasse</span> <span class='ocrx_word' id='word_1_190' title='bbox 347 2983 472 3065; x_wconf 80' lang='lat' dir='ltr'>Eueni,</span> <span class='ocrx_word' id='word_1_191' title='bbox 504 2989 614 3049; x_wconf 88' lang='lat' dir='ltr'>cetera</span> <span class='ocrx_word' id='word_1_192' title='bbox 643 2984 815 3048; x_wconf 87' lang='lat' dir='ltr'>maximam</span> <span class='ocrx_word' id='word_1_193' title='bbox 838 2990 967 3066; x_wconf 90' lang='lat' dir='ltr'>partem</span> <span class='ocrx_word' id='word_1_194' title='bbox 994 3005 1014 3048; x_wconf 92' lang='lat' dir='ltr'>a</span> <span class='ocrx_word' id='word_1_195' title='bbox 1042 2988 1143 3066; x_wconf 90' lang='lat' dir='ltr'>poeta</span> <span class='ocrx_word' id='word_1_196' title='bbox 1164 2983 1351 3067; x_wconf 90' lang='lat' dir='ltr'>Megarensi</span> 
     </span>
    </p>
   </div>
   <div class='ocr_carea' id='block_1_3' title="bbox 174 3193 1377 4288">
    <p class='ocr_par' dir='ltr' id='par_1_4' title="bbox 174 3193 1377 4288">
     <span class='ocr_line' id='line_1_26' title="bbox 179 3193 1354 3266; baseline 0.001 -18"><span class='ocrx_word' id='word_1_197' title='bbox 179 3196 345 3265; x_wconf 88' lang='lat' dir='ltr'>Theognide</span> <span class='ocrx_word' id='word_1_198' title='bbox 369 3195 528 3265; x_wconf 79' lang='lat' dir='ltr'>Megarensi</span> <span class='ocrx_word' id='word_1_199' title='bbox 553 3201 637 3265; x_wconf 86' lang='lat' dir='ltr'>poeta</span> <span class='ocrx_word' id='word_1_200' title='bbox 660 3195 737 3263; x_wconf 80' lang='lat' dir='ltr'>(diss.</span> <span class='ocrx_word' id='word_1_201' title='bbox 755 3194 867 3264; x_wconf 77' lang='lat' dir='ltr'>inaug),</span> <span class='ocrx_word' id='word_1_202' title='bbox 892 3193 1055 3249; x_wconf 80' lang='lat' dir='ltr'>Monasterii</span> <span class='ocrx_word' id='word_1_203' title='bbox 1074 3196 1158 3260; x_wconf 65' lang='grc' dir='ltr'>1863,Δ</span> <span class='ocrx_word' id='word_1_204' title='bbox 1172 3213 1199 3264; x_wconf 90' lang='lat' dir='ltr'>p.</span> <span class='ocrx_word' id='word_1_205' title='bbox 1223 3197 1257 3249; x_wconf 85' lang='lat'>38</span> <span class='ocrx_word' id='word_1_206' title='bbox 1280 3213 1354 3266; x_wconf 88' lang='lat' dir='ltr'>sqq.;</span> 
     </span>
     <span class='ocr_line' id='line_1_27' title="bbox 176 3277 1355 3353; baseline 0.003 -20"><span class='ocrx_word' id='word_1_207' title='bbox 176 3279 324 3334; x_wconf 86' lang='lat' dir='ltr'>Nietzsche</span> <span class='ocrx_word' id='word_1_208' title='bbox 342 3280 371 3333; x_wconf 92' lang='lat' dir='ltr'>in</span> <span class='ocrx_word' id='word_1_209' title='bbox 389 3280 459 3334; x_wconf 82' lang='lat' dir='ltr'>llus.</span> <span class='ocrx_word' id='word_1_210' title='bbox 479 3279 569 3352; x_wconf 81' lang='lat' dir='ltr'>Rhen.</span> <span class='ocrx_word' id='word_1_211' title='bbox 588 3277 685 3353; x_wconf 66' lang='lat' dir='ltr'>ml</span> <span class='ocrx_word' id='word_1_212' title='bbox 702 3297 729 3348; x_wconf 89' lang='lat' dir='ltr'>p.</span> <span class='ocrx_word' id='word_1_213' title='bbox 751 3281 799 3346; x_wconf 78' lang='lat'>176</span> <span class='ocrx_word' id='word_1_214' title='bbox 817 3295 867 3346; x_wconf 81' lang='lat' dir='ltr'>sq,</span> <span class='ocrx_word' id='word_1_215' title='bbox 892 3280 953 3332; x_wconf 84' lang='grc'>180</span> <span class='ocrx_word' id='word_1_216' title='bbox 965 3284 1013 3347; x_wconf 88' lang='lat' dir='ltr'>sq&#39;,</span> <span class='ocrx_word' id='word_1_217' title='bbox 1041 3281 1089 3333; x_wconf 81' lang='grc'>186</span> <span class='ocrx_word' id='word_1_218' title='bbox 1107 3297 1163 3349; x_wconf 90' lang='lat' dir='ltr'>sq.;</span> <span class='ocrx_word' id='word_1_219' title='bbox 1187 3280 1302 3336; x_wconf 88' lang='lat' dir='ltr'>Renner</span> <span class='ocrx_word' id='word_1_220' title='bbox 1325 3283 1355 3336; x_wconf 91' lang='lat' dir='ltr'>in</span> 
     </span>
     <span class='ocr_line' id='line_1_28' title="bbox 176 3363 1355 3434; baseline 0.004 -17"><span class='ocrx_word' id='word_1_221' title='bbox 176 3365 268 3418; x_wconf 85' lang='lat' dir='ltr'>Ourtii</span> <span class='ocrx_word' id='word_1_222' title='bbox 294 3364 411 3418; x_wconf 75' lang='lat' dir='ltr'>Studien</span> <span class='ocrx_word' id='word_1_223' title='bbox 434 3381 486 3419; x_wconf 80' lang='lat' dir='ltr'>zur</span> <span class='ocrx_word' id='word_1_224' title='bbox 510 3364 610 3434; x_wconf 81' lang='lat' dir='ltr'>priecb.</span> <span class='ocrx_word' id='word_1_225' title='bbox 634 3381 662 3418; x_wconf 81' lang='lat' dir='ltr'>u.</span> <span class='ocrx_word' id='word_1_226' title='bbox 687 3363 782 3418; x_wconf 78' lang='lat' dir='ltr'>latete.</span> <span class='ocrx_word' id='word_1_227' title='bbox 810 3363 990 3419; x_wconf 71' lang='lat' dir='ltr'>Grammatilc</span> <span class='ocrx_word' id='word_1_228' title='bbox 1012 3365 1028 3419; x_wconf 95' lang='lat' dir='ltr'>I</span> <span class='ocrx_word' id='word_1_229' title='bbox 1054 3367 1113 3434; x_wconf 95' lang='lat' dir='ltr'>lp.</span> <span class='ocrx_word' id='word_1_230' title='bbox 1139 3367 1202 3434; x_wconf 75' lang='lat'>1393</span> <span class='ocrx_word' id='word_1_231' title='bbox 1226 3385 1280 3421; x_wconf 81' lang='lat' dir='ltr'>van</span> <span class='ocrx_word' id='word_1_232' title='bbox 1304 3368 1355 3423; x_wconf 81' lang='lat' dir='ltr'>de&#39;r</span> 
     </span>
     <span class='ocr_line' id='line_1_29' title="bbox 176 3448 1377 3528; baseline 0.003 -25"><span class='ocrx_word' id='word_1_233' title='bbox 176 3450 241 3518; x_wconf 83' lang='lat' dir='ltr'>lley</span> <span class='ocrx_word' id='word_1_234' title='bbox 260 3449 352 3502; x_wconf 88' lang='lat' dir='ltr'>studia</span> <span class='ocrx_word' id='word_1_235' title='bbox 364 3448 546 3519; x_wconf 89' lang='lat' dir='ltr'>Theognidea</span> <span class='ocrx_word' id='word_1_236' title='bbox 563 3467 590 3519; x_wconf 90' lang='lat' dir='ltr'>p.</span> <span class='ocrx_word' id='word_1_237' title='bbox 603 3451 718 3515; x_wconf 63' lang='lat' dir='ltr'>aa-sa</span> <span class='ocrx_word' id='word_1_238' title='bbox 737 3465 792 3503; x_wconf 83' lang='lat' dir='ltr'>vau</span> <span class='ocrx_word' id='word_1_239' title='bbox 804 3448 980 3503; x_wconf 87' lang='lat' dir='ltr'>Herwerdeu</span> <span class='ocrx_word' id='word_1_240' title='bbox 992 3450 1244 3506; x_wconf 83' lang='lat' dir='ltr'>animadversiones</span> <span class='ocrx_word' id='word_1_241' title='bbox 1256 3453 1355 3522; x_wconf 87' lang='lat' dir='ltr'>philol.</span> <span class='ocrx_word' id='word_1_242' title='bbox 1371 3519 1377 3528; x_wconf 29' lang='grc' dir='ltr'>ι</span> 
     </span>
     <span class='ocr_line' id='line_1_30' title="bbox 176 3533 1355 3606; baseline 0.004 -18"><span class='ocrx_word' id='word_1_243' title='bbox 176 3534 212 3588; x_wconf 83' lang='lat' dir='ltr'>ad</span> <span class='ocrx_word' id='word_1_244' title='bbox 230 3533 423 3604; x_wconf 87' lang='lat' dir='ltr'>Theognidem</span> <span class='ocrx_word' id='word_1_245' title='bbox 441 3552 468 3603; x_wconf 93' lang='lat' dir='ltr'>p.</span> <span class='ocrx_word' id='word_1_246' title='bbox 488 3536 597 3599; x_wconf 86' lang='lat'>14-17,</span> <span class='ocrx_word' id='word_1_247' title='bbox 617 3533 680 3588; x_wconf 83' lang='lat' dir='ltr'>add.</span> <span class='ocrx_word' id='word_1_248' title='bbox 698 3551 725 3603; x_wconf 87' lang='lat' dir='ltr'>p.</span> <span class='ocrx_word' id='word_1_249' title='bbox 744 3534 792 3601; x_wconf 79' lang='lat'>563</span> <span class='ocrx_word' id='word_1_250' title='bbox 811 3533 848 3588; x_wconf 84' lang='lat' dir='ltr'>H.</span> <span class='ocrx_word' id='word_1_251' title='bbox 867 3533 1062 3590; x_wconf 87' lang='lat' dir='ltr'>Schneidewin</span> <span class='ocrx_word' id='word_1_252' title='bbox 1081 3536 1115 3590; x_wconf 88' lang='lat' dir='ltr'>de</span> <span class='ocrx_word' id='word_1_253' title='bbox 1133 3537 1246 3606; x_wconf 89' lang='lat' dir='ltr'>syllogis</span> <span class='ocrx_word' id='word_1_254' title='bbox 1264 3538 1355 3594; x_wconf 87' lang='lat' dir='ltr'>Theo·</span> 
     </span>
     <span class='ocr_line' id='line_1_31' title="bbox 176 3620 1356 3692; baseline 0.004 -18"><span class='ocrx_word' id='word_1_255' title='bbox 176 3620 285 3690; x_wconf 86' lang='lat' dir='ltr'>gnideis</span> <span class='ocrx_word' id='word_1_256' title='bbox 303 3620 380 3688; x_wconf 87' lang='lat' dir='ltr'>(diss.</span> <span class='ocrx_word' id='word_1_257' title='bbox 399 3620 613 3690; x_wconf 80' lang='lat' dir='ltr'>Argentinensis</span> <span class='ocrx_word' id='word_1_258' title='bbox 633 3622 712 3686; x_wconf 82' lang='grc'>1878)</span> <span class='ocrx_word' id='word_1_259' title='bbox 729 3638 756 3689; x_wconf 89' lang='lat' dir='ltr'>p.</span> <span class='ocrx_word' id='word_1_260' title='bbox 774 3622 895 3689; x_wconf 86' lang='grc'>86-41;</span> <span class='ocrx_word' id='word_1_261' title='bbox 931 3620 1033 3676; x_wconf 86' lang='lat' dir='ltr'>Sitzler</span> <span class='ocrx_word' id='word_1_262' title='bbox 1049 3622 1131 3691; x_wconf 90' lang='lat' dir='ltr'>proll.</span> <span class='ocrx_word' id='word_1_263' title='bbox 1150 3641 1177 3692; x_wconf 89' lang='lat' dir='ltr'>p.</span> <span class='ocrx_word' id='word_1_264' title='bbox 1195 3625 1243 3691; x_wconf 76' lang='lat'>353</span> <span class='ocrx_word' id='word_1_265' title='bbox 1262 3624 1356 3679; x_wconf 88' lang='lat' dir='ltr'>Hiller</span> 
     </span>
     <span class='ocr_line' id='line_1_32' title="bbox 176 3706 1356 3776; baseline 0.002 -13"><span class='ocrx_word' id='word_1_266' title='bbox 176 3707 275 3763; x_wconf 73' lang='lat' dir='ltr'>Jahrb.</span> <span class='ocrx_word' id='word_1_267' title='bbox 291 3707 314 3774; x_wconf 83' lang='lat' dir='ltr'>f.</span> <span class='ocrx_word' id='word_1_268' title='bbox 333 3706 367 3761; x_wconf 80' lang='lat' dir='ltr'>ld.</span> <span class='ocrx_word' id='word_1_269' title='bbox 386 3707 461 3762; x_wconf 79' lang='lat' dir='ltr'>Phil.</span> <span class='ocrx_word' id='word_1_270' title='bbox 481 3709 546 3761; x_wconf 88' lang='lat'>1881</span> <span class='ocrx_word' id='word_1_271' title='bbox 566 3725 594 3776; x_wconf 92' lang='lat' dir='ltr'>p.</span> <span class='ocrx_word' id='word_1_272' title='bbox 612 3709 670 3769; x_wconf 78' lang='lat'>450,</span> <span class='ocrx_word' id='word_1_273' title='bbox 688 3708 741 3759; x_wconf 89' lang='grc'>470</span> <span class='ocrx_word' id='word_1_274' title='bbox 758 3723 808 3776; x_wconf 77' lang='lat' dir='ltr'>sq,</span> <span class='ocrx_word' id='word_1_275' title='bbox 831 3707 908 3760; x_wconf 90' lang='lat' dir='ltr'>idem</span> <span class='ocrx_word' id='word_1_276' title='bbox 926 3707 1082 3763; x_wconf 82' lang='lat' dir='ltr'>Jabresber.</span> <span class='ocrx_word' id='word_1_277' title='bbox 1105 3709 1128 3775; x_wconf 77' lang='lat' dir='ltr'>f.</span> <span class='ocrx_word' id='word_1_278' title='bbox 1152 3708 1234 3763; x_wconf 73' lang='lat' dir='ltr'>blase.</span> <span class='ocrx_word' id='word_1_279' title='bbox 1255 3710 1356 3765; x_wconf 80' lang='lat' dir='ltr'>Altert.</span> 
     </span>
     <span class='ocr_line' id='line_1_33' title="bbox 178 3792 1357 3863; baseline 0.002 -15"><span class='ocrx_word' id='word_1_280' title='bbox 178 3795 244 3848; x_wconf 87' lang='grc'>1888</span> <span class='ocrx_word' id='word_1_281' title='bbox 267 3811 294 3863; x_wconf 90' lang='lat' dir='ltr'>p.</span> <span class='ocrx_word' id='word_1_282' title='bbox 322 3794 371 3847; x_wconf 79' lang='grc'>148</span> <span class='ocrx_word' id='word_1_283' title='bbox 395 3809 435 3861; x_wconf 92' lang='lat' dir='ltr'>sq.</span> <span class='ocrx_word' id='word_1_284' title='bbox 459 3797 488 3846; x_wconf 91' lang='lat' dir='ltr'>et</span> <span class='ocrx_word' id='word_1_285' title='bbox 513 3795 563 3848; x_wconf 81' lang='lat'>156</span> <span class='ocrx_word' id='word_1_286' title='bbox 587 3810 661 3861; x_wconf 90' lang='lat' dir='ltr'>sqq.;</span> <span class='ocrx_word' id='word_1_287' title='bbox 686 3792 777 3847; x_wconf 82' lang='lat' dir='ltr'>(louet</span> <span class='ocrx_word' id='word_1_288' title='bbox 802 3793 826 3847; x_wconf 86' lang='lat' dir='ltr'>le</span> <span class='ocrx_word' id='word_1_289' title='bbox 849 3793 948 3849; x_wconf 80' lang='lat' dir='ltr'>second</span> <span class='ocrx_word' id='word_1_290' title='bbox 971 3794 1040 3848; x_wconf 83' lang='lat' dir='ltr'>livre</span> <span class='ocrx_word' id='word_1_291' title='bbox 1057 3793 1179 3862; x_wconf 76' lang='lat' dir='ltr'>d&#39;e‘lepies</span> <span class='ocrx_word' id='word_1_292' title='bbox 1196 3794 1357 3850; x_wconf 65' lang='lat' dir='ltr'>attributed</span> 
     </span>
     <span class='ocr_line' id='line_1_34' title="bbox 179 3877 1357 3950; baseline 0.001 -16"><span class='ocrx_word' id='word_1_293' title='bbox 179 3878 313 3950; x_wconf 76' lang='lat' dir='ltr'>Tlse&#39;opais</span> <span class='ocrx_word' id='word_1_294' title='bbox 330 3878 458 3948; x_wconf 75' lang='lat' dir='ltr'>(annales</span> <span class='ocrx_word' id='word_1_295' title='bbox 482 3878 514 3933; x_wconf 82' lang='lat' dir='ltr'>de</span> <span class='ocrx_word' id='word_1_296' title='bbox 538 3878 572 3940; x_wconf 50' lang='lat' dir='ltr'>lo¹</span> <span class='ocrx_word' id='word_1_297' title='bbox 582 3878 689 3945; x_wconf 74' lang='lat' dir='ltr'>saeuite</span> <span class='ocrx_word' id='word_1_298' title='bbox 712 3878 758 3933; x_wconf 78' lang='lat' dir='ltr'>des</span> <span class='ocrx_word' id='word_1_299' title='bbox 782 3877 876 3933; x_wconf 82' lang='lat' dir='ltr'>lettres</span> <span class='ocrx_word' id='word_1_300' title='bbox 900 3879 932 3933; x_wconf 85' lang='lat' dir='ltr'>de</span> <span class='ocrx_word' id='word_1_301' title='bbox 949 3877 1102 3933; x_wconf 81' lang='lat' dir='ltr'>Bordeouoe</span> <span class='ocrx_word' id='word_1_302' title='bbox 1120 3878 1147 3934; x_wconf 92' lang='lat' dir='ltr'>V</span> <span class='ocrx_word' id='word_1_303' title='bbox 1165 3897 1192 3947; x_wconf 89' lang='lat' dir='ltr'>p.</span> <span class='ocrx_word' id='word_1_304' title='bbox 1209 3880 1357 3943; x_wconf 76' lang='lat' dir='ltr'>ass-290,</span> 
     </span>
     <span class='ocr_line' id='line_1_35' title="bbox 176 3962 1357 4033; baseline 0 -14"><span class='ocrx_word' id='word_1_305' title='bbox 176 3963 330 4019; x_wconf 80' lang='lat' dir='ltr'>Bordeauae</span> <span class='ocrx_word' id='word_1_306' title='bbox 356 3965 445 4033; x_wconf 86' lang='grc'>1883),</span> <span class='ocrx_word' id='word_1_307' title='bbox 469 3966 568 4018; x_wconf 85' lang='lat' dir='ltr'>centra</span> <span class='ocrx_word' id='word_1_308' title='bbox 592 3980 655 4017; x_wconf 91' lang='lat' dir='ltr'>eum</span> <span class='ocrx_word' id='word_1_309' title='bbox 679 3962 772 4016; x_wconf 88' lang='lat' dir='ltr'>Hiller</span> <span class='ocrx_word' id='word_1_310' title='bbox 796 3964 953 4019; x_wconf 84' lang='lat' dir='ltr'>Jabresber.</span> <span class='ocrx_word' id='word_1_311' title='bbox 980 3964 1047 4017; x_wconf 88' lang='grc'>1888</span> <span class='ocrx_word' id='word_1_312' title='bbox 1069 3982 1098 4033; x_wconf 88' lang='lat' dir='ltr'>p.</span> <span class='ocrx_word' id='word_1_313' title='bbox 1121 3967 1173 4018; x_wconf 79' lang='grc'>858</span> <span class='ocrx_word' id='word_1_314' title='bbox 1193 3982 1247 4033; x_wconf 87' lang='lat' dir='ltr'>sq.;</span> <span class='ocrx_word' id='word_1_315' title='bbox 1270 3964 1357 4019; x_wconf 81' lang='lat' dir='ltr'>Flaeh</span> 
     </span>
     <span class='ocr_line' id='line_1_36' title="bbox 174 4047 1356 4120; baseline -0.001 -16"><span class='ocrx_word' id='word_1_316' title='bbox 174 4049 275 4120; x_wconf 76' lang='lat' dir='ltr'>priecb.</span> <span class='ocrx_word' id='word_1_317' title='bbox 299 4047 389 4119; x_wconf 56' lang='lat' dir='ltr'>[aprile</span> <span class='ocrx_word' id='word_1_318' title='bbox 412 4067 439 4118; x_wconf 94' lang='lat' dir='ltr'>p.</span> <span class='ocrx_word' id='word_1_319' title='bbox 464 4050 529 4116; x_wconf 81' lang='lat'>403;</span> <span class='ocrx_word' id='word_1_320' title='bbox 557 4049 682 4103; x_wconf 84' lang='lat' dir='ltr'>(lorsenn</span> <span class='ocrx_word' id='word_1_321' title='bbox 706 4048 882 4117; x_wconf 86' lang='lat' dir='ltr'>quaestiones</span> <span class='ocrx_word' id='word_1_322' title='bbox 909 4047 1112 4119; x_wconf 76' lang='lat' dir='ltr'>Theognideaa</span> <span class='ocrx_word' id='word_1_323' title='bbox 1138 4050 1305 4120; x_wconf 76' lang='lat' dir='ltr'>Programm</span> <span class='ocrx_word' id='word_1_324' title='bbox 1331 4068 1356 4106; x_wconf 85' lang='lat' dir='ltr'>o.</span> 
     </span>
     <span class='ocr_line' id='line_1_37' title="bbox 180 4132 1358 4204; baseline -0.001 -14"><span class='ocrx_word' id='word_1_325' title='bbox 180 4133 386 4201; x_wconf 61' lang='lat' dir='ltr'>messenatae,</span> <span class='ocrx_word' id='word_1_326' title='bbox 413 4132 528 4204; x_wconf 84' lang='lat' dir='ltr'>Lipsiae</span> <span class='ocrx_word' id='word_1_327' title='bbox 557 4135 636 4200; x_wconf 86' lang='grc'>1887;</span> <span class='ocrx_word' id='word_1_328' title='bbox 665 4132 799 4188; x_wconf 84' lang='lat' dir='ltr'>Schaeler</span> <span class='ocrx_word' id='word_1_329' title='bbox 826 4133 861 4187; x_wconf 89' lang='lat' dir='ltr'>de</span> <span class='ocrx_word' id='word_1_330' title='bbox 888 4134 998 4188; x_wconf 82' lang='lat' dir='ltr'>iteratis</span> <span class='ocrx_word' id='word_1_331' title='bbox 1024 4152 1068 4204; x_wconf 88' lang='lat' dir='ltr'>ap.</span> <span class='ocrx_word' id='word_1_332' title='bbox 1095 4134 1201 4204; x_wconf 84' lang='lat' dir='ltr'>Theog.</span> <span class='ocrx_word' id='word_1_333' title='bbox 1230 4134 1358 4190; x_wconf 87' lang='lat' dir='ltr'>distichis</span> 
     </span>
     <span class='ocr_line' id='line_1_38' title="bbox 177 4221 472 4288; baseline 0 -15"><span class='ocrx_word' id='word_1_334' title='bbox 177 4238 205 4288; x_wconf 90' lang='lat' dir='ltr'>p.</span> <span class='ocrx_word' id='word_1_335' title='bbox 222 4222 240 4273; x_wconf 77' lang='lat'>4</span> <span class='ocrx_word' id='word_1_336' title='bbox 257 4234 297 4287; x_wconf 90' lang='lat' dir='ltr'>sq.</span> <span class='ocrx_word' id='word_1_337' title='bbox 315 4222 344 4272; x_wconf 84' lang='lat' dir='ltr'>et</span> <span class='ocrx_word' id='word_1_338' title='bbox 360 4221 395 4273; x_wconf 80' lang='grc'>88</span> <span class='ocrx_word' id='word_1_339' title='bbox 412 4235 472 4288; x_wconf 86' lang='lat' dir='ltr'>sqq.</span> 
     </span>
    </p>
   </div>
   <div class='ocr_carea' id='block_1_4' title="bbox 0 0 1535 4844">
    <p class='ocr_par' dir='ltr' id='par_1_5' title="bbox 0 0 1535 4844">
     <span class='ocr_line' id='line_1_39' title="bbox 0 0 1535 4844; baseline 0 0"><span class='ocrx_word' id='word_1_340' title='bbox 0 0 1535 4844; x_wconf 95' lang='lat' dir='ltr'> </span> 
     </span>
    </p>
   </div>
  </div>
 </body>
</html>
