3036 4844
662 257 881 319 „36-

187 455 310 520 hahere
333 456 439 534 putat,
464 451 550 532 quod
575 452 724 517 consulto
749 470 789 516 ex
813 448 995 515 hexametri
1019 448 1153 515 exordio
1178 451 1358 530 repetatur,

188 567 268 634 mihi
292 587 387 634 secus
410 566 550 632 videtur.
596 565 670 633 Nisi
687 565 846 647 exemplis
862 566 1036 647 probatum
1053 564 1115 630 6111
1137 564 1219 626 16λοὶ
1241 569 1359 649 πάσχειν
1440 560 1442 564 ’

189 684 253 751 dici
290 682 452 765 potuisse,
487 682 578 763 hervet,
614 681 701 765 quod
740 683 806 764 logi
842 681 909 748 ianr
949 679 1161 748 Camerarius
1198 681 1359 760 voluerat,

189 803 277 866 recte
299 799 333 864 in
356 797 529 864 iteratione
553 797 766 864 substitutum
792 817 864 864 esso
887 797 1033 864 adducar
1056 800 1093 863 ut
1116 796 1257 864 credam.
1297 797 1360 861 llle

190 920 311 995 autem,
335 913 391 995 qui
414 919 489 996 post
512 932 643 980 carmen
667 918 900 995 quaternorum
924 913 1138 981 distichorum
1155 913 1197 979 ad
1221 932 1360 994 puerum

190 1030 348 1112 scriptum
371 1029 620 1116 (1311-1318)
643 1050 759 1097 versus
786 1036 1019 1112 nor—1108,
1054 1029 1204 1110 quamvis
1229 1027 1359 1094 6116116

190 1165 253 1212 161
277 1146 402 1228 spirent
425 1165 567 1227 amores,
603 1146 749 1227 iteravit,
785 1145 895 1212 verbis
929 1153 986 1216 τοῖς
1012 1143 1044 1207 δὲ
1078 1145 1180 1231 φίλοισι
1215 1144 1360 1212 amasios

190 1262 355 1345 designari
378 1266 472 1328 ratus
496 1281 573 1328 suos
589 1281 706 1329 versus
730 1266 806 1344 apte
829 1261 895 1328 illis
915 1282 994 1328 vere
1011 1260 1230 1344 Theognideis
1250 1260 1361 1326 claudi

191 1398 305 1444 crassa
327 1371 478 1444 Minerva
501 1379 650 1459 putabat.
709 1378 804 1462 Quod
839 1378 867 1445 si
891 1397 969 1445 vere
1004 1376 1195 1458 6161611166,
1223 1380 1362 1442 nonest

191 1495 277 1576 quod
304 1493 449 1577 Bergkio
485 1493 704 1561 assentiamur
739 1495 906 1578 suspicato
943 1495 1041 1561 ctiam
1076 1495 1136 1560 hos
1170 1512 1287 1560 versus
1320 1512 1362 1558 ex

191 1611 324 1674 παιδικῶν
351 1612 477 1694 sylloge
504 1609 538 1677 in
565 1611 793 1695 gnomologiae
820 1616 949 1695 partem
977 1611 1191 1680 novissimam
1226 1609 1268 1676 ab
1303 1610 1361 1674 lio-

190 1725 276 1793 mine
299 1727 386 1793 male
410 1726 523 1794 sedulo
547 1729 726 1795 translatos
751 1747 833 1796 esse.

280 1869 442 1953 Quoniam
465 1870 531 1936 iam
556 1870 606 1937 bis
629 1871 752 1937 factum
776 1890 848 1938 esse
863 1871 1232 1952 demonstravimus-ut
1247 1875 1362 1937 auctor

191 1986 392 2053 collectionis
416 1985 598 2053 carminum
617 1987 650 2053 in
671 1986 755 2054 libro
774 1987 795 2071 β’
816 1986 1013 2054 exstantium
1030 2006 1147 2055 versus
1162 2007 1240 2054 vere
1256 1988 1361 2053 Theo·

191 2102 325 2187 gnideos
350 2102 446 2185 quasi
468 2103 652 2170 clausulam
676 2104 842 2185 quandam
865 2103 1017 2171 versibus
1040 2103 1109 2171 suis
1133 2103 1245 2185 eisque
1280 2103 1361 2185 ipsis

191 2217 370 2286 maximam
393 2223 522 2301 partem
546 2238 587 2285 ex
611 2221 720 2302 amplo
737 2220 936 2305 Theognidis
952 2221 1108 2288 thesauro
1125 2219 1361 2287 consarcinatis

191 2335 351 2416 adiceret,
386 2353 451 2400 161
485 2335 681 2402 mirabimur
702 2335 795 2401 illum
831 2336 994 2403 distichon
1017 2336 1272 2419 Theognideum
1309 2335 1362 2402 cui

191 2451 347 2518 eroticam
370 2448 438 2515 vim
461 2450 628 2533 subderet,
651 2450 846 2533 repetivisse
870 2460 998 2518 etcum
1023 2471 1061 2518 66
1085 2472 1202 2520 1161666
1232 2452 1273 2518 de
1301 2471 1361 2519 suo

190 2570 360 2650 promptos
384 2565 600 2634 coniunxisse.
657 2544 761 2633 Recte
788 2566 858 2633 sine
882 2567 981 2635 dubio
1004 2568 1168 2652 Bergkius
1193 2568 1365 2635 adnotavit

190 2702 307 2749 versus
330 2688 405 2765 post
432 2703 462 2749 v.
490 2688 574 2749 1238
609 2681 699 2750 inA
733 2682 888 2766 traditos,
924 2683 978 2766 qui
1014 2684 1119 2752 eidem
1154 2689 1230 2752 sunt
1264 2689 1363 2766 atque

189 2820 222 2866 v.
249 2803 466 2866 1151-1152

404 2940 527 3028 Μήποτε
550 2942 596 3005 τὸν
619 2946 760 3030 παρεόντα
783 2942 882 3027 μεθεὶς
904 2944 986 3031 φίλον
1009 2945 1100 3008 ἄλλον
1124 2934 1225 3032 ἐρεύνα

404 3058 507 3121 δειλῶν
531 3061 690 3147 ἀνθρώπων
714 3063 820 3146 ῥήμασι
843 3061 1009 3144 πειθόμενος

191 3233 260 3295 tam
284 3234 359 3296 arta
381 3228 623 3296 necessitudine
645 3229 773 3297 iunctos
797 3249 870 3297 esse
893 3249 968 3313 cum
996 3231 1062 3298 his:

404 3379 525 3444 πολλάκι
549 3403 589 3443 τοι
612 3382 669 3467 παῤ
693 3380 754 3465 ἐμοὶ
776 3383 850 3445 κατὰ
873 3381 922 3446 cod
944 3371 1061 3458 λέξουσι
1084 3389 1191 3467 μάταια

403 3495 450 3559 καὶ
472 3498 549 3585 παρὰ
572 3497 613 3560 σοὶ
636 3499 699 3560 κατ’
725 3498 793 3582 ἐμοῦ
816 3505 873 3562 τῶν
897 3499 929 3564 δὲ
952 3500 986 3564 σὺ
1011 3502 1051 3587 μὴ
1077 3490 1180 3579 invisa,

190 3658 387 3726 6161161166
416 3657 547 3726 distichi
581 3659 764 3728 subiectum
800 3681 840 3728 ex
864 3661 966 3725 latta
990 3665 1151 3752 ἀνθρώπιον
1186 3664 1361 3747 petendum

191 3794 263 3841 esse
281 3774 490 3842 manifestum
507 3775 559 3843 sit.
607 3777 672 3845 Sed
688 3777 780 3860 prius
796 3777 959 3847 distichon
975 3779 1051 3848 hino
1066 3781 1150 3848 libro
1167 3787 1186 3843 ά
1200 3780 1359 3849 insertum

190 3911 263 3958 csse
285 3878 357 3959 fieri
380 3912 445 3959 non
468 3897 586 3975 potest,
611 3899 648 3960 ut
671 3893 906 3963 existimemus.

279 4034 344 4102 Sed
371 4035 437 4103 iam
467 4036 509 4102 ad
543 4037 642 4103 finem
676 4037 896 4120 pervenimus.
956 4039 991 4106 Si
1026 4039 1104 4120 quid
1139 4041 1360 4125 disputatione

189 4152 304 4217 666116
326 4150 508 4235 effecimus,
544 4154 606 4220 hoc
641 4154 874 4235 comprobasse
908 4153 1059 4221 videmur
1094 4157 1237 4225 omnium
1272 4160 1360 4227 intra

189 4264 309 4333 librum
343 4266 364 4330 α’
396 4267 478 4352 eti
514 4269 709 4336 iteratorum
748 4269 896 4335 locorum
930 4269 987 4337 vix
1021 4291 1123 4339 unum
1163 4295 1251 4358 esse,
1293 4287 1358 4359 quo

190 4381 401 4465 Theognidea
424 4383 605 4451 carminum
629 4384 736 4451 forma
758 4385 887 4453 fidelius
912 4406 1011 4470 quam
1037 4389 1147 4472 priore
1181 4393 1254 4461 loco
1289 4412 1357 4461 ser·
