3036 4844
653 256 867 320 ..43-

172 451 232 517 illo
256 451 368 535 inepto
384 450 570 534 profectum
587 454 760 533 putarent3
780 449 867 514 hunc
886 470 999 534 persus
1018 449 1162 515 variasse
1182 451 1349 534 specimen

171 563 297 647 negotii
321 564 371 627 sui
394 562 629 640 oblaturum1).
661 559 737 644 Quo
758 561 944 644 perversius
967 558 1050 624 nihil
1065 561 1206 644 cogitari
1226 567 1348 645 potest.

172 673 261 757 Quid
298 673 408 738 euim?
452 670 710 755 Oompilatorem
740 671 796 754 qui
828 671 1008 736 versiculos
1042 692 1118 737 suos
1148 692 1208 756 pro
1243 671 1347 738 Thec-

173 785 299 869 gnidcis
321 784 442 848 vendat
462 783 516 848 hic
537 789 635 866 putas
657 781 806 848 versibus
821 782 953 848 Solonis
977 784 1138 866 appositis
1163 783 1348 866 legentibus

172 895 403 962 documentum
425 892 617 978 praebuisse
641 892 804 977 quomodo
827 894 966 959 aliorum
982 915 1097 960 versus
1114 894 1277 978 expilaret
1299 900 1347 960 ata

172 1029 235 1090 que
258 1005 461 1072 exscriberet
482 1010 515 1069 et
537 1006 631 1086 quasi
659 1006 818 1070 clamasse
847 1002 898 1069 ten
917 1004 1020 1070 habes
1043 1005 1185 1072 furem'P
1229 1005 1347 1086 Immo,

170 1140 242 1185 mec
272 1116 405 1200 quidem
432 1115 556 1180 iudicio
583 1116 722 1181 variatio
751 1122 820 1179 tam
847 1116 966 1198 exigua
997 1122 1047 1181 est
1075 1124 1108 1182 et
1137 1123 1211 1183 tota
1241 1117 1348 1182 forma

172 1229 307 1295 distichi
328 1227 464 1294 alterius
485 1229 533 1291 ita
557 1233 764 1310 comparata,
795 1232 834 1291 ut
856 1227 918 1292 hoc
939 1227 981 1292 ab
1002 1229 1116 1294 eodem
1137 1232 1237 1313 poeta
1261 1249 1347 1294 com·

171 1342 316 1425 positum
337 1340 483 1421 cogitare
503 1338 641 1421 possim,
673 1338 715 1402 ab
739 1338 803 1402 alio
826 1340 988 1421 scripturn
1010 1360 1076 1404 non
1094 1340 1226 1424 possim.
1272 1338 1347 1423 Qua

172 1451 211 1516 de
235 1471 336 1516 causa
358 1449 468 1514 facere
492 1471 557 1514 non
578 1468 711 1530 possum
730 1450 809 1531 quin
826 1450 873 1513 eis
895 1448 1065 1514 adsentiar
1088 1452 1145 1534 qui
1169 1458 1346 1535 utrumque

171 1561 338 1627 distichon
367 1559 483 1626 Soloni
512 1558 753 1639 adscribunti).
799 1559 953 1626 Ceterum
976 1560 1087 1627 Gouat
1114 1563 1186 1646 ipse
1216 1561 1347 1628 Solonis

169 1672 271 1738 verba
299 1671 362 1737 sibi
392 1670 555 1735 detexisse
585 1669 716 1736 videtur
743 1692 792 1735 vv.
817 1672 931 1756 133516
960 1672 1004 1755 (p.
1022 1674 1108 1757 280).
1161 1673 1348 1738 Mimnermi

170 1790 281 1849 autern
311 1782 477 1865 ingenium
508 1781 635 1863 spirant
664 1803 712 1845 vv.
737 1785 916 1846 1305-10.
968 1783 1072 1847 Porro
1104 1804 1153 1849 vv.
1179 1786 1347 1848 1345-50

169 1917 234 1960 non
258 1894 375 1959 dubito
398 1913 472 1956 cum
489 1892 571 1970 aliis,
595 1899 632 1956 ut
651 1892 806 1977 Bergkio,
827 1894 932 1960 eidem
953 1899 1072 1977 poetae
1094 1893 1273 1958 attribuere
1292 1894 1349 1974 qui

169 2027 218 2069 vv.
236 2009 385 2069 667-82
416 2009 449 2069 et
469 2006 619 2068 487-96
651 2005 700 2068 vel
731 2011 859 2086 partem
889 2005 987 2069 huius
1018 2004 1143 2088 elegiae
1173 2004 1298 2088 pepigit
1310 2003 1346 2088 ³).

169 2115 231 2184 Vr.
251 2118 420 2180 1353-56
445 2115 602 2197 denique,
633 2115 721 2179 unde
743 2116 826 2180 haec
850 2117 1002 2198 quaestio
1025 2136 1159 2199 egressa
1181 2121 1246 2198 est,
1270 2136 1346 2181 vere

169 2225 401 2309 Theognideos
434 2225 550 2291 habeo.
609 2226 720 2289 Etiam
755 2226 788 2289 in
821 2227 955 2309 reliquis
990 2228 1070 2310 quin
1102 2248 1217 2292 versus
1251 2226 1347 2292 multi

170 2337 371 2420 Theognidis
399 2338 527 2401 lateant
555 2357 621 2401 non
650 2336 782 2418 dubito,
814 2359 927 2402 verum
950 2339 1134 2403 accuratius
1158 2337 1346 2420 significare

168 2471 234 2513 non
256 2446 372 2513 audeo.
419 2447 461 2511 In
485 2447 682 2530 quibusdam
706 2455 817 2513 autem
839 2470 959 2513 nomen
982 2447 1083 2532 Oyrni
1107 2448 1252 2514 deletum
1275 2471 1345 2515 esse

168 2566 279 2644 potest
290 2563 326 2642 ⁴),
348 2559 414 2623 alia
437 2558 660 2640 aMegarensi
676 2579 741 2623 non
762 2558 805 2624 ad
828 2557 975 2642 Cyrnum
998 2561 1121 2643 scripta
1144 2581 1214 2626 esse
1237 2567 1345 2645 putes,

170 2692 245 2737 cum
265 2675 397 2753 praeter
412 2666 579 2752 Cyrniana
600 2669 701 2733 etiam
724 2669 791 2734 alia
814 2672 960 2736 carmina
981 2670 1133 2736 videatur
1155 2672 1270 2737 fecisse
1290 2674 1345 2758 (cf.

170 2803 270 2864 supra
291 2802 322 2864 p.
340 2784 383 2860 8).
435 2778 523 2844 Nolo
554 2779 617 2845 hoc
646 2778 721 2844 loco
751 2783 1017 2864 praetermittere
1047 2783 1205 2867 originem
1237 2781 1345 2847 'Pheo-

169 2893 323 2976 gnideam
364 2891 511 2956 conicere
550 2888 591 2954 de
628 2912 675 2957 vv.
705 2894 889 2956 1235—40
928 2891 1268 2976 Schneidewinumh,
1304 2893 1344 2958 de

170 3026 219 3069 vr.
237 3006 407 3068 1357-60
428 3009 462 3067 et
485 3003 653 3067 1367-72
677 3002 903 3084 Hartungium
927 3008 970 3084 (p.
989 3007 1075 3080 286).

256 3114 323 3181 Sed
346 3115 428 3178 haec
449 3113 619 3178 hactenus.
642 3113 897 3178 Demonstrasse
920 3113 1014 3178 nobis
1036 3113 1183 3178 videmur
1198 3113 1344 3179 versibus

169 3225 369 3308 Theognidis
401 3226 550 3306 genuinis
584 3226 685 3289 etiarn
718 3223 929 3290 adnumerari
958 3223 1059 3287 licere
1090 3245 1140 3288 vv.
1164 3228 1343 3290 lana-56.

169 3338 290 3420 Itaque
320 3357 395 3401 cum
424 3337 458 3400 in
489 3337 536 3401 eis
567 3357 651 3419 quae
680 3335 834 3419 deinceps
867 3334 1041 3401 tractaturi
1071 3355 1199 3417 sumus,
1231 3342 1343 3419 partes

170 3449 319 3514 diversae
348 3446 426 3511 fidei
450 3447 606 3512 distinere
634 3447 728 3512 nobis
750 3449 1033 3531 proposuerimus,
1065 3467 1176 3512 versus
1200 3454 1344 3529 cunctos,

168 3572 372 3582 ---—-—

257 3636 279 3705 ¹)
297 3632 429 3688 Rintelen
443 3651 470 3702 p.
484 3636 517 3687 38
529 3651 582 3701 sq.;
596 3652 650 3688 van
662 3634 713 3686 der
724 3633 789 3702 May
798 3652 824 3703 p.
838 3636 884 3695 33;
899 3652 951 3688 van
963 3633 1139 3688 Herwerden
1152 3652 1179 3702 p.
1194 3632 1238 3699 163
1251 3632 1345 3687 Hiller

170 3720 320 3776 Jahrbocn.
338 3738 365 3789 p.
377 3722 430 3773 4⁷0
448 3720 494 3787 (of.
514 3719 670 3774 Johreabcr.
693 3722 759 3773 1888
777 3738 803 3788 p.
824 3721 899 3789 157);
917 3720 1007 3773 Gouat
1021 3737 1047 3788 p.
1060 3720 1126 3785 280;
1143 3718 1267 3772 Gorsenn
1279 3736 1305 3788 p.
1318 3720 1343 3773 8.

257 3805 279 3875 ²)
297 3805 393 3874 Bergk
409 3805 446 3858 ad
464 3823 504 3872 v.;
522 3803 656 3873 Hartung
674 3806 754 3873 p.96;
772 3805 920 3860 Nietzsche
939 3823 964 3874 p.
976 3806 1026 3859 186
1041 3808 1099 3859 not.
1113 3807 1158 3870 143
1178 3804 1342 3859 11811111-

169 3891 261 3946 dewin
278 3909 305 3962 p.
323 3893 370 3958 393
389 3890 476 3943 Flach
494 3907 520 3958 p.
538 3892 589 3943 403
608 3890 670 3943 adn.
691 3892 713 3944 1.

257 3976 279 4041 ³)
299 3976 382 4030 Hunc
393 3975 522 4030 Euenum
533 3975 618 4029 fuisse
629 3977 699 4028 mihi
711 3975 835 4045 persuasi
851 3990 986 4043 speroque
1000 3973 1150 4042 aliquando
1170 3975 1340 4050 occasionem

169 4061 223 4116 hoo
240 4062 450 4115 demonstrandi
467 4079 513 4115 me
530 4065 678 4115 nacturum
696 4078 762 4116 esse.

255 4149 279 4215 ⁴)
298 4146 371 4200 Vide
390 4146 484 4216 Bergk
502 4164 528 4215 p.
541 4149 641 4215 314sq.

255 4230 279 4300 ὁ)
296 4230 437 4300 P.aasq.;
456 4249 520 4285 cum
537 4249 592 4300 quo
611 4232 678 4286 facit
695 4230 780 4285 Flacb
793 4249 819 4300 p.
833 4232 884 4284 403
903 4233 960 4284 not.
975 4230 997 4283 1.
