3036 4844
687 270 899 331 ..fio-

202 460 302 526 semel
316 460 530 543 trochaicum,
552 460 631 527 inde
651 461 738 526 hunc
759 461 912 527 illicitum
929 482 1001 527 esse
1017 461 1171 546 colligis?
1191 460 1298 526 Recte
1315 461 1380 526 hoc

201 570 328 647 faceres
351 572 380 636 si
401 571 572 637 ducenties
594 579 671 656 post
693 573 843 654 alteram,
866 572 966 639 semel
989 579 1067 657 post
1094 573 1236 656 primam
1259 573 1381 638 thesim

199 683 331 748 hiarent
351 684 600 767 epigrammata.
646 682 704 747 Ab
725 683 842 749 eadem
863 686 1005 768 opinone
1020 684 1105 749 falsa
1122 685 1216 767 quasi
1238 685 1306 748 iam
1325 684 1380 749 de·

200 801 386 859 monstrata
407 795 574 879 profectus
595 794 694 860 etiam
714 793 875 877 Meleagri
903 795 1065 877 quosdam
1087 795 1179 860 locos
1201 816 1266 860 non
1290 799 1380 860 recte

200 911 324 971 tractat
350 904 474 971 Kaibel
504 912 538 971 et
564 906 819 972 controversiam
850 905 890 970 de
921 905 1111 990 Antipatris
1142 906 1299 971 dirimere
1327 927 1379 971 co·

198 1021 298 1081 natur
308 1021 343 1096 ¹).

287 1125 353 1192 Sed
373 1134 411 1192 ut
440 1127 494 1192 hic
523 1128 672 1210 paullum
703 1129 923 1194 consistamus
954 1149 1019 1211 quo
1043 1129 1269 1212 pervenimus,
1299 1150 1379 1195 sane

200 1236 376 1302 observare
397 1237 476 1303 licet
498 1239 586 1322 apud
614 1240 776 1322 elegiacos
798 1239 909 1306 hiatus
938 1238 1127 1304 trochaicus
1149 1237 1253 1303 multo
1283 1260 1380 1323 supe·

199 1347 269 1413 rari
290 1347 473 1432 dactylicis.
519 1348 606 1414 Nam
636 1350 724 1415 ratio
747 1351 835 1415 inter
854 1371 1009 1415 numeros
1046 1350 1220 1434 utriusque
1249 1350 1378 1432 generis

200 1461 442 1542 correptionum
460 1459 676 1544 intercedens,
700 1483 784 1545 quae
800 1461 954 1526 nimirum
973 1462 1027 1526 hic
1046 1482 1178 1544 quoque
1192 1482 1271 1527 casu
1289 1460 1380 1543 apud

200 1570 346 1656 singulos
367 1572 496 1636 variare
514 1571 655 1654 videtur,
677 1578 737 1654 est,
759 1580 798 1637 ut
816 1574 915 1638 etiam
928 1572 983 1638 hic
1002 1578 1117 1656 poetas
1135 1571 1380 1655 quadripartito

200 1681 429 1763 distineamus,
454 1686 548 1764 1:9,5
562 1687 604 1766 2),
634 1687 750 1768 l:4,a,
772 1687 883 1764 1:4‚4‚
916 1689 1029 1766 1:23,
1054 1705 1129 1749 cum
1150 1682 1240 1766 apud
1254 1682 1380 1748 Home·

203 1813 277 1856 rum
298 1793 471 1859 vacillaret
490 1795 578 1861 inter
602 1798 619 1858 1
633 1819 640 1858 :
657 1799 703 1878 l,7
723 1802 757 1861 et
773 1801 789 1860 1
804 1819 810 1860 :
824 1800 853 1860 2.

289 1903 362 1986 Age
385 1926 579 1988 quaeramus
600 1928 688 1971 nunc
711 1907 751 1972 de
772 1908 955 1973 hexametri
978 1906 1113 1972 sedibus
1135 1903 1282 1986 singulis.
1327 1904 1380 1968 Ac

201 2014 240 2079 de
270 2015 532 2098 primoquidem
569 2017 653 2100 pede
686 2019 720 2082 in
755 2019 847 2084 cuius
879 2019 966 2085 thesi
998 2025 1139 2101 utraque
1171 2015 1282 2080 hiatus
1304 2035 1379 2097 per·

199 2124 402 2207 mittebatur,
425 2125 508 2191 nihil
532 2134 582 2192 est
604 2127 693 2211 quod
711 2128 916 2195 adnotemus.
961 2128 1090 2198 Contra
1112 2128 1155 2193 ad
1176 2126 1297 2192 thesim
1312 2125 1378 2208 pri-

200 2258 287 2301 mam
316 2236 412 2319 pedis
443 2238 581 2302 alterius
613 2238 719 2303 hiatui
750 2238 877 2304 aditum
903 2261 968 2305 non
1001 2240 1103 2305 fuisse
1132 2239 1204 2303 iure
1233 2236 1379 2302 affirma·

198 2347 317 2428 bimus,
342 2367 415 2411 cum
433 2346 501 2412 illic
522 2349 686 2413 neminem
701 2354 873 2432 poetarum
896 2351 1116 2432 elegiacorum
1138 2347 1379 2431 correptionem

200 2458 262 2524 sibi
283 2457 461 2522 indulsisse
489 2457 658 2524 videamus
687 2480 792 2542 usque
823 2460 866 2525 ad
886 2460 1189 2526 Alexandrinorum
1218 2464 1377 2540 tempora,

198 2570 354 2653 locosque
384 2567 467 2633 duos
502 2589 542 2633 ex
567 2569 625 2634 illa
659 2569 861 2652 Theognidis
890 2577 985 2655 parte
1014 2571 1134 2636 dubiae
1165 2569 1244 2635 fidei
1277 2587 1378 2651 quam

198 2680 312 2746 littera
332 2677 361 2745 (i
384 2679 640 2764 significavimus
672 2681 793 2764 quibua
815 2681 895 2750 solis
915 2682 1065 2765 legatur,
1093 2687 1184 2748 certo
1211 2685 1271 2745 aut
1303 2698 1376 2744 cor·

198 2797 316 2875 ruptos
346 2811 418 2856 esse
450 2798 508 2856 aut
529 2793 658 2875 spurios
687 2793 759 2859 iure
781 2794 1029 2860 contendemus.
1074 2791 1161 2860 Sunt
1189 2799 1301 2869 autem
1327 2810 1377 2858 vv.

280 2932 338 2993 95:
362 2931 502 3007 τοιοῦτός
521 2952 569 2994 τοι
585 2929 708 3013 ἑταῖρος
728 2926 807 3017 ἀνὴρ
829 2930 924 3016 φίλος
943 2927 1013 2995 οὔτι
1029 2926 1107 3011 μάλ’
1129 2927 1244 3004 ἐσθλός

202 3046 236 3106 et
258 3044 339 3106 459:
364 3036 431 3104 οὐδ’
454 3038 586 3126 ἄγκυραι
607 3039 737 3119 ἔχουσιν·
760 3038 966 3128 ἀπορρήξασα
986 3040 1021 3106 δὲ
1041 3039 1158 3121 δεσμά..

201 3174 366 3260 Quoniam
387 3177 421 3240 in
442 3199 471 3240 v.
488 3180 551 3241 459
570 3177 669 3242 lectio
692 3198 758 3242 non
782 3177 966 3259 depravata
987 3176 1115 3242 videtur
1136 3196 1218 3258 esse,
1243 3194 1376 3240 carmen

199 3288 349 3354 457-60
369 3309 390 3352 a
411 3295 512 3371 poeta
533 3287 721 3370 Megarensi
746 3288 935 3353 abiudicare
963 3309 1028 3352 non
1056 3289 1178 3356 dubito.
1234 3287 1378 3354 Carmen

199 3421 279 3465 vero
303 3399 393 3482 quod
415 3397 538 3480 legitur
552 3420 601 3462 vv.
624 3403 752 3463 93—96
774 3421 848 3464 cum
869 3399 980 3464 stilum
1003 3397 1205 3481 Theognidis
1233 3399 1395 3483 prodere,

200 3509 368 3590 videatur,
392 3509 567 3574 videndum
589 3509 736 3592 possitne
759 3509 889 3574 medela
911 3509 1072 3577 adhiberi.
1109 3508 1246 3576 Oonicio
1265 3504 1377 3575 autem

199 3643 314 3688 vocem
335 3626 385 3686 cot
406 3640 428 3684 a
447 3619 584 3685 librario
600 3619 743 3703 quodam
762 3621 911 3686 additam
927 3643 997 3688 esse
1016 3623 1155 3688 lacunae
1172 3620 1377 3706 supplendae

290 3811 310 3874 ¹)
328 3808 438 3863 Pendet
461 3824 496 3860 ex
519 3805 652 3860 Kaibelio
677 3806 818 3861 Susemihl
835 3808 1080 3880 Iritteraturpcact.
1100 3808 1116 3863 I
1138 3827 1167 3879 p.
1184 3810 1235 3863 366
1259 3811 1317 3864 not
1329 3810 1375 3876 743

200 3903 297 3949 contra
315 3894 351 3948 de
368 3894 486 3948 veritate
502 3892 577 3945 illius
595 3890 720 3947 Kaibelii
737 3893 891 3948 sententiae
908 3893 1037 3949 dubitare
1055 3895 1167 3951 videtur
1177 3894 1377 3950 Stadtmuellar

198 3979 274 4035 Bcrl.
288 3978 359 4050 pail.
383 3976 603 4045 Wocteaechn‘ft
621 3978 686 4031 1892
703 3996 730 4048 p.
741 3979 801 4034 2³5.

286 4072 310 4142 ¹)
329 4072 409 4128 Haec
431 4072 532 4126 raritas
555 4072 692 4126 trochaici
709 4072 801 4127 hiatus
819 4090 890 4143 quae
908 4072 984 4143 apud
1001 4075 1203 4130 vetustissimos
1222 4091 1281 4130 esse
1297 4072 1375 4129 vide·
1443 4060 1446 4067 ¹

199 4161 287 4225 retur,
312 4175 394 4213 cause
412 4157 475 4223 fuit,
494 4174 544 4212 cur
562 4156 597 4211 ab
615 4157 671 4211 illia
688 4158 824 4228 originem
842 4175 907 4213 suae
925 4159 1079 4214 severitati·
1097 4160 1301 4216 Callimachum
1318 4162 1375 4215 tra·

199 4243 273 4298 xisae
290 4242 395 4298 Kaibel
412 4247 533 4313 putaret.
