3036 4844
697 239 896 297 ...8.-

210 429 283 496 inre
305 429 371 496 dici
393 434 512 512 peasa.
559 428 643 496 Cum
668 429 732 496 duo
756 429 899 497 disdcha
922 436 955 495 et
978 447 1080 510 supra
1101 435 1137 495 et
1159 429 1246 497 infra
1269 450 1305 496 se
1329 451 1385 496 ex-

210 544 345 627 cipiant,
368 564 439 612 non·
456 547 597 612 multum
621 544 723 611 habet
749 543 994 627 probabilitatis
1029 546 1226 626 pentametri
1260 545 1386 614 discre-

211 659 533 742 pantiampluribns
556 659 706 727 distichis
729 659 889 727 coartatis
911 667 1020 727 ortam
1049 679 1133 727 esse.
1190 660 1285 744 Quae
1309 680 1384 728 curn
1441 696 1443 700 v

210 775 259 842 ita
280 776 355 857 sint,
379 776 487 842 facere
509 795 573 842 non
597 792 772 857 possumus
808 775 887 856 quin
919 781 1106 842 statuamus
1141 781 1384 858 pentametrum

211 892 419 959 immutatum
442 891 595 958 venandi
617 890 760 973 pruritui
782 891 905 958 deberi.
963 891 1079 972 Neque
1102 910 1182 958 vero
1210 911 1285 959 cum
1308 894 1384 961 Jor-

211 1007 296 1073 dano
323 1012 479 1090 putamus
513 1008 726 1086 vocabulum,
761 1006 848 1088 qnod
883 1012 933 1073 est
968 1006 1123 1093 εὐθοντῄρ,
1154 1026 1269 1089 rarum
1302 1009 1384 1076 illud

210 1123 352 1203 quidem,
377 1141 493 1189 verum
516 1122 649 1190 minime
672 1128 863 1204 suspectum
884 1138 1001 1189 ansam
1018 1123 1170 1190 variandi
1187 1126 1382 1206 pentametri

210 1239 412 1321 praebuisse.
471 1239 536 1322 Qui
565 1237 802 1305 sententiarum
832 1257 959 1305 conexu
986 1257 1052 1304 non
1080 1240 1177 1320 plane
1212 1252 1379 1322 perspecto

209 1355 257 1420 ita
279 1361 319 1421 ut
351 1356 542 1422 hexametro
578 1355 680 1422 alium
714 1359 956 1437 pentametrum
991 1355 1180 1437 adaptaret,
1215 1355 1376 1423 meliorem

210 1490 343 1538 sensum
367 1471 516 1538 affecisse
537 1472 601 1538 sibi
623 1471 810 1552 videbatur,
845 1470 879 1536 in
902 1470 1011 1552 scirpo
1034 1471 1155 1538 nodum
1179 1471 1379 1552 quaesivisse

209 1587 404 1654 iudicandus
433 1592 492 1654 est.
538 1588 655 1671 Neque
683 1586 876 1670 persuaderi
904 1586 999 1653 nobis
1033 1587 1154 1670 poterit
1181 1588 1256 1660 ἔασι,
1284 1605 1381 1668 quarn

210 1702 350 1769 formam
374 1702 474 1769 etiam
497 1702 531 1768 in
555 1723 585 1769 v.
601 1708 665 1768 623
689 1702 797 1769 redire
821 1702 953 1785 Ziegler
968 1708 1058 1771 recte
1076 1709 1190 1769 contra
1207 1702 1383 1770 Schneide-

210 1818 275 1883 win
314 1825 442 1901 monet,
477 1817 610 1885 lectioni
642 1814 690 1881 ’ἔθ’
727 1818 783 1880 nite
812 1795 1015 1900 praestare,
1038 1815 1153 1899 'quam
1193 1817 1304 1910 versui
1339 1824 1384 1883 40

211 1932 359 2016 apprime
383 1934 631 2001 accomodatam
655 1951 728 2000 esse
752 1952 880 2016 censeo,
916 1935 1053 2000 verbum
1086 1937 1194 2002 autem
1229 1934 1383 2000 substan-

209 2048 313 2115 tivum
338 2047 468 2115 omnino
492 2068 556 2114 non
580 2048 816 2115 desideramus.
1101 2048 1104 2053 ’

300 2165 469 2246 Sequitur,
498 2169 536 2230 ut
559 2164 598 2255 de
622 2165 774 2230 versibus
798 2170 940 2247 57—60,
977 2165 1033 2246 qui
1056 2148 1195 2231 multum
1218 2164 1384 2232 immutati

210 2299 339 2363 unoque
374 2279 514 2346 disticho
549 2284 625 2360 post
647 2300 678 2344 v.
704 2284 746 2343 58
783 2280 872 2345 aucti
900 2286 975 2364 post
1004 2301 1035 2346 v.
1063 2284 1146 2345 1107
1172 2286 1206 2347 et
1230 2284 1326 2362 1108,
1351 2294 1385 2346 et

209 2396 300 2478 ipsos
334 2400 411 2477 post
443 2415 475 2461 ν.
514 2399 599 2459 1318
627 2383 824 2479 ¹appendicis
864 2395 1017 2478 iteratos,
1057 2402 1266 2482 repetuntur,
1305 2396 1381 2476 quid

210 2509 349 2578 sentiam
373 2511 473 2596 paulo
497 2509 662 2593 copiosius
687 2508 804 2575 dicam.
852 2510 1029 2593 superiore
1056 2514 1128 2578 loeo
1152 2512 1206 2578 bic
1229 2517 1280 2580 est
1302 2511 1380 2578 ordo

209 2645 376 2709 versuum,
400 2627 441 2692 de
465 2625 582 2708 quibus
607 2626 749 2710 agimus:

330 2781 361 2828 v.
380 2765 422 2826 53
446 2757 549 2846 Κύρνε,
572 2760 653 2831 τολις
675 2758 727 2843 μὲν
751 2756 791 2822 ἔθ’
809 2759 862 2844 ἥδε
885 2760 975 2836 τολις,
997 2760 1062 2823 λαοὶ
1084 2760 1116 2825 ἀὲ
1139 2761 1175 2846 δὴ
1200 2761 1284 2829 ἄλλοι

446 2865 471 2927 οἳ
492 2863 588 2954 πρόσθ’
614 2867 678 2929 οὔτε
700 2866 780 2938 δίκας
802 2866 908 2949 ᾔδεσαν
932 2867 996 2930 οὔτε
1019 2871 1129 2951 νόμους,

450 2969 513 3035 ἀλλ’
539 2973 611 3060 ἀμφὶ
632 2974 772 3061 πλευρῇσι
795 2973 881 3060 δορὰς
903 2977 988 3058 αἰγῶν
1011 2973 1184 3061 κατέτριβον,

449 3067 509 3152 ἔξω
533 3075 621 3144 ἀῶσά
647 3079 747 3167 ἔλαφοι
770 3080 849 3167 tq&
876 3080 1005 3164 ἐνέμοντο
1028 3081 1131 3150 τολεος

382 3209 422 3270 57
447 3203 494 3266 καὶ
516 3208 565 3265 νῶν
589 3200 635 3266 εἵά
659 3204 769 3287 ἀγαθοί,
792 3202 971 3289 Πολοιταῖδη,
995 3205 1019 3268 οἱ
1042 3202 1073 3268 ἀὲ
1096 3205 1157 3292 πρὶν
1182 3204 1280 3268 ἐσθλοὶ
1410 3204 1415 3215 '

448 3312 497 3372 νῶν
519 3309 608 3372 terto·
631 3312 673 3380 τίς
695 3331 743 3372 κεν
767 3306 841 3373 ταῦτ’
867 3308 983 3397 ἀνέχοιτ’
1010 3309 1131 3398 ἐσορῶν;

451 3415 601 3503 ἀλλήλους
623 3413 792 3479 δ’ἀτατῶσιν
817 3416 860 3480 ἐπ’
885 3417 1038 3503 ἀλλήλοισι
1061 3419 1203 3502 γελῶντες

450 3520 514 3586 οὔτε
536 3528 633 3585 κακῶν
656 3524 772 3608 γνώμας
795 3523 899 3595 εἰδότες
921 3523 978 3588 οὔτ’
1004 3525 1129 3609 ἀγαθῶν.

300 3667 340 3732 In
362 3665 514 3733 versibus
538 3665 762 3733 exscribendis
785 3667 967 3752 Borgkium
996 3668 1101 3734 secuti
1125 3666 1305 3734 diiudicare
1328 3687 1383 3734 no·

211 3783 336 3863 lumus,
363 3788 475 3848 utrum
510 3786 658 3864 praestet
692 3801 766 3848 cum
797 3783 952 3850 Bekkero
987 3789 1064 3864 post
1090 3803 1121 3849 v.
1147 3787 1188 3848 53
1219 3782 1384 3887 ὑτοοτιγμὴν

212 3903 246 3964 et
279 3903 355 3981 post
388 3919 419 3964 ν.
445 3902 487 3968 56
512 3898 603 3982 μέσην
627 3897 743 3982 στιγμὴν
765 3917 903 3982 ponere,
939 3915 981 3964 an
1015 3897 1064 3963 ita
1097 3895 1313 3982 distinguere,
1348 3904 1387 3965 ut

211 4014 322 4096 priore
344 4015 416 4081 loco
439 4013 516 4098 μέσα
539 4019 651 4099 στιγμή,
673 4014 795 4095 altaro,
818 4012 876 4080 ubi
900 4012 1030 4082 ἀτοῶασιτ
1056 4011 1206 4094 incipiat,
1231 4013 1384 4098 ὑποατιγγιὴ

211 4134 363 4212 ponatur.
397 4129 634 4214 Quodcumque
648 4129 766 4196 feceris
782 4127 967 4208 arbitrium,
980 4127 1077 4194 facile
1093 4120 1252 4197 concedes
1267 4146 1384 4197 versus

213 4247 355 4325 57-60,
384 4244 425 4311 de
452 4244 573 4326 quibus
589 4245 721 4328 agitur,
749 4240 924 4309 artissimis
948 4241 1089 4311 vinculis
1116 4263 1191 4311 curn
1218 4245 1385 4329 prionbus

212 4358 402 4424 coniunctos
437 4378 497 4426 suo
532 4366 622 4428 stare
659 4361 732 4427 loco
771 4357 998 4440 imprimisque
1031 4361 1137 4429 verba
1169 4361 1216 4425 καὶ
1249 4367 1298 4425 νῦν
1332 4363 1384 4425 eio'
