3036 4844
653 287 866 347 ..19-

258 474 421 541 Versuum
456 479 663 558 sequentium
697 479 810 563 179180
844 479 1005 550 confiteor
1037 502 1164 546 sensum
1200 503 1252 546 me
1281 503 1346 546 non

167 586 348 669 percipere.
378 586 551 669 Quomodo
567 589 653 652 euim
668 595 896 674 paupertatem
918 591 1094 674 quisquam
1109 592 1222 674 fugere
1237 597 1349 675 potest

169 718 230 779 per
252 719 342 762 mare
359 705 531 780 terrasque
562 699 700 764 errans?
731 701 782 767 De
815 722 895 766 cura
918 702 980 766 hoc
1003 703 1070 767 dici
1098 709 1233 787 poterat
1253 684 1347 784 'quae

172 807 260 889 apud
289 807 470 873 Horatium
500 817 614 889 (carm.
639 816 668 892 2,
701 817 750 893 16,
784 816 822 876 21
850 834 897 895 sq.
929 816 959 892 3,
986 818 1014 893 1,
1042 816 1083 876 37
1107 835 1154 896 66.
1177 820 1238 879 661.
1263 819 1292 895 2,
1318 818 1345 890 7,

174 918 249 1000 1161
269 918 432 984 bominem
455 942 514 1003 per
534 943 623 984 mare
646 928 679 987 et
700 929 806 988 terras
823 925 981 1006 66661166,
1003 945 1067 987 666
1083 923 1124 989 (16
1140 930 1345 1006 paupertate.

172 1027 326 1110 Intelligo
349 1038 460 1095 antem
481 1032 560 1114 quid
587 1035 679 1098 notio
709 1036 809 1099 maris
833 1041 866 1100 et
888 1041 996 1100 terrae
1020 1057 1048 1099 6.
1082 1040 1142 1098 179
1172 1034 1235 1098 sibi
1257 1034 1346 1114 66111,

174 1160 245 1203 cnm
274 1161 388 1205 666666
418 1146 478 1206 176
510 1150 543 1206 61
575 1149 635 1207 176
665 1145 822 1227 adspicio.
874 1146 952 1211 1666
983 1145 1091 1222 166666
1120 1166 1185 1210 666
1213 1166 1347 1229 possum

174 1252 250 1331 quin
270 1274 318 1315 vv.
345 1254 460 1335 179180
482 1261 651 1336 suspectos
679 1255 818 1320 habeam
850 1264 884 1321 61
912 1262 1025 1339 putem
1054 1257 1197 1339 aliquem
1219 1261 1347 1320 senten·

172 1362 252 1425 tiam
287 1363 411 1446 elegiae
446 1367 549 1430 totius
584 1387 648 1429 uno
684 1366 828 1431 disticho
860 1367 1031 1432 includere
1062 1366 1248 1432 studentem
1281 1388 1347 1431 non

172 1471 335 1537 distichon
356 1477 530 1557 genuinum
554 1476 782 1560 desumpsisse,
814 1476 871 1542 sed
894 1499 935 1542 ex
957 1499 1016 1542 suo
1039 1476 1206 1543 distichon
1227 1499 1348 1542 666666

171 1586 393 1669 composuisse
423 1587 569 1651 eiusdem
602 1589 784 1669 argumenti
796 1590 821 1667 11
849 1590 1046 1670 nomineque
1071 1587 1172 1673 Cyrni
1204 1609 1348 1669 ornasse,

170 1699 208 1758 61
231 1697 374 1777 speciem
397 1697 600 1779 Theognidei
632 1700 790 1764 retineret
802 1700 838 1781 21.
884 1698 980 1762 Haec
1008 1701 1173 1764 sententia
1203 1721 1276 1764 meu
1309 1720 1347 1764 eo

171 1806 249 1868 mihi
272 1806 486 1872 confirmatur
504 1809 595 1892 quod
616 1831 666 1876 vv.
694 1810 785 1893 11718
807 1808 922 1874 eodem
945 1809 1041 1872 modo
1066 1831 1105 1872 ex
1126 1831 1175 1873 vv.
1199 1813 1347 1872 119-28

172 1917 314 1982 66616611
337 1938 409 1983 6666
432 1919 601 1999 videntur,
633 1921 701 1984 scil.
725 1920 885 2003 propriis,
915 1940 982 1984 666
1005 1918 1209 2002 Theognidis
1237 1920 1347 1984 verbis

171 2030 213 2093 ab
235 2051 273 2094 eo
299 2030 507 2111 conformati,
532 2031 588 2114 qui
617 2052 752 2113 gnomas
772 2029 1002 2112 Theognideas
1025 2030 1067 2093 ad
1086 2028 1224 2094 formam
1248 2051 1348 2113 quam

170 2140 408 2221 brevissimam,
431 2142 451 2204 i.
476 2163 501 2207 e.
525 2144 720 2223 monelegia,
743 2141 894 2206 redactas
913 2140 1068 2224 colligere
1084 2140 1192 2205 vellet.
1225 2139 1347 2206 Obser-

170 2251 277 2316 vanda
295 2257 345 2317 est
366 2253 467 2316 etiam
489 2253 596 2317 forma
618 2253 752 2317 distichi
775 2252 815 2316 (16
839 2273 904 2335 666
928 2253 1038 2335 agitur
1063 2253 1165 2336 11718,
1190 2273 1274 2334 6666
1298 2259 1349 2317 661

170 2363 315 2445 pessima
339 2365 445 2427 61661
472 2365 534 2427 6161
558 2362 647 2428 (16611
676 2363 784 2427 adhuc
807 2363 931 2427 frustra
961 2363 1083 2426 mederi
1113 2363 1301 2429 studuerint
1312 2363 1348 2444 81.

256 2471 331 2537 Non
360 2474 458 2538 611166
489 2475 628 2557 denique
652 2475 792 2539 fortasse
824 2496 877 2539 666
908 2495 942 2538 66
966 2473 1068 2538 habet
1099 2473 1139 2538 de
1161 2476 1346 2556 monelegio

171 2587 263 2668 33516
289 2591 321 2648 61
344 2587 449 2668 elegia
471 2589 653 2666 401-406,
686 2585 899 2668 quamobrem
929 2592 1004 2666 poet
1030 2607 1059 2648 v.
1087 2586 1150 2648 406
1182 2585 1346 2650 distichon

169 2694 220 2758 vel
244 2696 386 2760 disticha
417 2718 491 2760 cum
520 2697 650 2760 nomine
682 2695 783 2780 Oyrni
811 2696 1019 2762 intercidisse
1050 2697 1189 2763 conicio.
1234 2697 1346 2762 Etiam

168 2807 233 2871 hoc
257 2806 432 2888 distichon,
455 2808 548 2871 ouius
569 2828 645 2890 pars
669 2808 773 2872 altera
799 2809 911 2872 ieiuna
939 2814 972 2871 et
1002 2807 1076 2870 vilis
1108 2812 1173 2885 est,
1202 2807 1286 2869 male
1317 2812 1349 2868 61

171 2919 240 2983 6166
263 2924 333 2983 6616
358 2919 579 3000 compositum
604 2924 654 2982 est
676 2923 714 2982 ut
736 2919 801 2982 (166
823 2918 881 2981 1116
901 2923 1020 2981 cetera

256 3029 384 3095 Contra
408 3027 623 3093 fundamento
647 3028 802 3092 carminis
825 3025 1030 3109 Theognidei
1054 3029 1168 3088 carent
1188 3045 1235 3090 vv.
1255 3025 1347 3106 14718

173 3139 229 3221 (cf.
265 3161 365 3223 supra
398 3163 429 3224 p.
467 3144 529 3218 13).
585 3138 716 3203 Primus
752 3138 837 3201 enim
869 3158 983 3202 versus
1014 3134 1225 3219 proverbium
1258 3135 1346 3218 apud

171 3250 318 3317 Graecos
349 3252 464 3315 tritum
496 3251 640 3315 continet
669 3248 759 3332 quod
789 3249 888 3315 etiam
915 3249 1003 3332 apud
1031 3245 1237 3330 Phocylidem
1260 3246 1347 3327 lege·

167 3361 278 3442 batur,
312 3362 399 3426 alter
433 3360 527 3424 nihili
561 3367 611 3424 661
645 3381 750 3442 66666
785 3361 849 3424 6161
879 3359 921 3424 ad
953 3359 1118 3424 distichon
1147 3357 1347 3441 explendum

168 3593 212 3630 66.
231 3575 352 3628 237-54
369 3574 404 3627 ab
423 3572 585 3642 Theognide
603 3573 758 3639 abiudicat,
785 3573 850 3639 quia
875 3572 918 3625 bis
943 3572 1081 3626 sententia
1101 3571 1137 3624 ad
1154 3570 1348 3624 hexametrum

167 3665 330 3731 sequentem
347 3663 480 3713 transeat.
516 3657 590 3712 Vide
608 3676 633 3713 6.
652 3659 694 3723 64,
713 3659 771 3717 184,
792 3659 866 3723 1198,
884 3659 926 3712 22.

257 3749 279 3815 ¹)
298 3745 440 3799 Adhibuit
463 3749 556 3798 autem
583 3743 632 3797 ille
655 3758 712 3794 non
731 3757 780 3794 666
799 3746 926 3813 tempore
943 3742 1092 3796 formulam
1110 3740 1287 3803 homericam,
1313 3737 1348 3791 cf.

168 3832 284 3887 Renner
301 3831 503 3886 Formelwesca
519 3848 547 3899 p.
566 3832 599 3884 29
617 3847 643 3881 n.
662 3830 687 3879 9.

256 3918 279 3986 ⁹)
298 3917 405 3972 Contra
421 3935 464 3972 vv.
485 3917 561 3986 18112
583 3914 678 3967 malim
703 3914 803 3982 putare
822 3930 856 3965 ex
875 3912 929 3965 6116
946 3910 1118 3980 Theognidis
1142 3907 1233 3976 elegia
1250 3907 1348 3960 similis

168 4004 253 4069 atque
273 4004 393 4056 173-78
411 4003 571 4072 argumenti
591 3998 711 4069 propriis
729 4000 831 4065 poetae
849 3997 941 4050 verbis
960 3998 1098 4050 extractos
1116 4008 1183 4047 esse.

256 4087 390 4155 1)1111666
407 4088 541 4157 Hartung
566 4104 593 4155 p.
612 4086 661 4138 261
687 4080 827 4136 distichon
851 4081 977 4151 spurium
1001 4081 1114 4135 iudicat.
1156 4076 1257 4133 Sitzler
1282 4077 1348 4130 arti·

170 4171 265 4226 1161666
289 4189 332 4227 66.
357 4174 450 4241 179180
473 4174 502 4227 16
528 4187 639 4228 carmen
662 4167 843 4231 antecedens,
867 4185 910 4222 66.
931 4168 1053 4236 1171816
1071 4180 1182 4219 carmen
1201 4164 1348 4233 insequens

166 4248 291 4312 inserere
310 4260 425 4311 conatus
444 4261 493 4323 est,
512 4258 638 4312 1666666
656 4256 716 4310 sine
734 4256 897 4322 sagacitate,
915 4252 986 4306 illud
1004 4251 1085 4310 male.

1160 4335 1192 4389 ᾗ*
