3036 4844
652 324 872 384 -33-

171 515 208 577 ut
235 530 275 577 ex
304 511 351 577 eis
380 517 555 596 appareat,
585 514 746 594 quomodo
775 514 966 597 appendicis
995 520 1109 582 auctor
1142 520 1175 582 et
1206 533 1344 599 magnas

170 647 326 694 versuum
350 633 461 710 partes
478 634 512 695 et
525 630 690 695 vocabula
712 629 854 712 insignia
869 631 912 697 ad
928 650 1006 698 suos
1021 651 1138 698 versus
1154 632 1344 715 pangendos

170 744 204 809 in
231 763 328 811 suum
355 764 452 811 usum
480 744 688 813 converterit.
736 747 811 813 Hoc
838 748 910 815 loco
938 769 970 815 v.
998 753 1082 814 1243
1113 768 1187 815 av.
1212 753 1276 814 597
1305 767 1343 814 eo

170 865 298 927 tantum
328 861 506 944 discrepat,
537 862 623 944 quod
655 881 714 943 pro
744 864 841 951 drdpr'
872 864 1009 946 vulgare
1042 864 1124 930 illud
1153 864 1238 927 ἔπειτ’
1268 864 1344 931 sub·

170 976 321 1042 stitutum
346 981 405 1044 est.
444 979 484 1043 V.
508 977 829 1045 597—598ir0nice
854 997 926 1045 esse
949 979 1186 1062 intellegendos
1209 999 1241 1046 u.
1261 985 1342 1046 595:

169 1093 308 1180 ἄνθρωπ’,
332 1094 498 1179 ἀλλήλοισιν
527 1095 686 1181 ,ἀπόπροθεν
715 1094 791 1177 ὡμεν
820 1093 922 1182 ἑταῖροι
957 1100 1151 1179 argumento
1185 1101 1248 1178 est,
1270 1095 1344 1162 ‘sed

169 1216 206 1275 ut
228 1209 296 1276 vim
321 1209 479 1277 erolioam
504 1210 551 1277 eis
575 1211 756 1278 attribuere
780 1217 901 1294 posset,
925 1216 1130 1294 pentameter
1151 1211 1211 1294 illi,
1236 1231 1257 1278 1
1280 1230 1343 1295 quo

170 1326 336 1408 appendix
360 1326 556 1406 concinnata
579 1331 639 1408 111,
664 1327 841 1394 mutandus
866 1334 948 1395 1111.

257 1469 350 1534 Idem
379 1469 503 1535 factum
533 1488 606 1535 1111
634 1469 785 1536 videmus
813 1469 846 1535 in
873 1490 905 1536 v.
933 1475 1176 1553 1353—1354,
1205 1457 1344 1553 quorum

170 1585 260 1666 prior
282 1585 369 1651 idem
394 1591 445 1652 est
468 1604 508 1651 ac
531 1606 562 1652 v.
588 1590 653 1651 302
677 1591 806 1653 mutata
834 1586 940 1653 forma
963 1587 1056 1653 verbi
1084 1589 1283 1656 substantivi
1310 1589 1343 1655 in

168 1700 410 1783 imperativum.
457 1700 559 1767 Cuius
584 1700 714 1767 distichi
738 1703 928 1769 hexameter

384 1869 489 1958 Πικρὸς
511 1871 558 1932 καὶ
580 1870 685 1956 γλυκὺς
705 1872 763 1935 ἴσθι
786 1872 833 1935 καὶ
856 1874 1000 1960 ἁμταλὲος
1021 1874 1068 1937 καὶ
1092 1875 1205 1960 ἀπηνὴς

384 1988 494 2075 λάτμισι
517 1988 564 2050 καὶ
587 1989 693 2072 δμωσὶν
717 1991 817 2074 petroci
840 1991 865 2051 τ’
891 1991 1061 2079 ἀγχιθὺροις,

171 2178 234 2240 quo
258 2163 473 2242 praeceptum
497 2159 604 2240 datur,
629 2159 742 2241 qualia
762 2160 849 2241 apud
869 2157 1053 2227 Hesiodum
1074 2164 1232 2227 1111111
1254 2178 1341 2242 rara,

170 2281 348 2357 usurpatus
373 2280 433 2356 est,
454 2280 492 2341 ut
515 2273 644 2341 initium
667 2275 763 2341 fieret
778 2275 943 2358 carminis,
967 2294 1031 2358 quo
1048 2293 1147 2358 quam
1168 2276 1342 2343 molestum

170 2411 334 2474 quamque
358 2393 453 2458 dulce
476 2392 520 2459 sit
542 2411 663 2476 pueros
687 2408 802 2460 amare
818 2391 1022 2475 exprimitur.
1061 2393 1227 2459 Perversa
1242 2392 1343 2476 igitur

170 2512 268 2591 atque
307 2528 415 2594 prava
452 2508 580 2577 ratione
610 2529 728 2578 versus
757 2510 958 2594 Theognidei
986 2511 1122 2591 paulum
1150 2509 1268 2576 mutati
1296 2509 1344 2576 ita

169 2625 288 2692 detorti
312 2632 398 2708 sunt,
421 2632 459 2693 ut
481 2627 524 2693 ad
548 2647 617 2693 rem
641 2627 839 2695 amatorium
862 2629 1071 2694 referrentur.

259 2769 322 2836 His
346 2769 537 2851 praemissis
561 2770 627 2836 iam
651 2757 859 2836 transeamus
883 2768 926 2834 ad
949 2772 1105 2850 quattuor
1127 2767 1187 2833 illa
1202 2766 1343 2835 disticha

61 2877 65 2882 ’
169 2884 244 2950 libri
281 2885 316 2968 β’,
356 2904 440 2967 quae
478 2885 579 2953 etiam
617 2885 650 2952 in
688 2886 772 2953 libro
808 2885 830 2946 α’
869 2884 1071 2952 collectionis
1110 2885 1341 2967 Theognideae

171 3006 310 3067 exstant.

258 3127 339 3194 Post
375 3147 407 3194 v.
447 3132 531 3193 1278
568 3128 671 3196 codex
708 3128 740 3194 A
776 3128 839 3193 duo
876 3127 1018 3193 disticha
1051 3126 1166 3209 iterat,
1202 3145 1342 3209 quorum

170 3242 311 3308 alterum
334 3243 421 3308 idem
445 3247 496 3310 est
519 3262 559 3310 11
580 3265 612 3311 v.
632 3249 861 3325 1101-1102,
886 3243 1007 3311 calami
1030 3248 1157 3311 tantum
1175 3243 1341 3310 erroribus

169 3358 332 3426 vitiatum.

375 3481 470 3555 Ὅστις
492 3508 533 3548 σοι
558 3486 712 3570 βούλευσεν
737 3486 806 3569 ἐμεῦ
829 3486 901 3575 πέρι,
922 3488 969 3550 καί
993 3488 1019 3549 σ’
1045 3485 1196 3549 ἐκέλευσεν

383 3601 510 3686 οἴχεσθαι
533 3603 696 3689 προλιπόνθ’
720 3603 865 3690 ἡμετέρην
889 3600 994 3689 φιλίην.

259 3763 331 3847 Quo
356 3763 429 3828 loco
453 3761 486 3828 bi
509 3782 625 3830 versus
649 3762 816 3845 inpriore
839 3763 1031 3830 collectione
1058 3762 1092 3830 11
1114 3764 1148 3829 A
1176 3764 1261 3831 110
1285 3782 1341 3831 ex·

169 3880 335 3962 hibentur,
371 3884 459 3946 recte
494 3898 551 3947 111
586 3898 607 3945 1
643 3878 806 3961 prioribus
835 3878 1005 3959 separavit
1030 3881 1165 3946 Bekker
1192 3884 1227 3946 et
1252 3884 1340 3946 11111

170 3995 382 4069 Camerarius
416 4015 491 4062 eum
531 3995 691 4063 scriberet
726 3993 829 4066 ἀτελὲς
861 3996 893 4058 τὸ
928 3993 1061 4080 ἐλεγεῖον·
1104 3995 1271 4081 μέμψασθαι
1309 3995 1341 4059 δὲ

169 4111 244 4173 δοκεῖ.
276 4134 337 4174 τινα
372 4113 456 4175 αἴτιον
489 4115 621 4196 γεγονότα
654 4120 708 4198 τῆς
741 4111 900 4182 διαλύσεως
932 4119 985 4196 τῆς
1019 4116 1067 4174 τοῦ
1094 4111 1172 4174 δεῖνα
1198 4113 1266 4200 πρὸς
1293 4113 1340 4176 τὸν

169 4228 287 4312 ποιητὴν
311 4228 423 4315 priter·
447 4227 497 4291 οὐκ
520 4227 552 4290 εὖ
577 4227 780 4313 συνεβούλευεν
804 4229 824 4312 ἡ
846 4228 947 4303 ὄλοιτο,
970 4229 1065 4314 φησίν,
1088 4228 1103 4289 ὁ
1124 4227 1341 4312 συμβουλεύσας

170 4367 211 4406 σοι
246 4345 416 4408 ἀπολιπόντα
451 4343 503 4428 ἐμὲ
543 4354 640 4432 φοιτᾶν
680 4365 711 4407 σε
750 4343 819 4432 πρὸς
857 4344 947 4407 ἄλλον
985 4347 1104 4427 poeiee
1143 4345 1339 4413 sententiam

171 4461 372 4541 expressisse
403 4460 542 4528 videtur.
598 4462 671 4545 Quo
703 4461 838 4527 oonsilio
871 4460 904 4526 hi
936 4446 1057 4529 ⁴versus
1091 4465 1166 4545 post
1196 4482 1227 4529 v.
1255 4467 1339 4529 1275

1111 4568 1136 4621 ’ὁ
