3036 4844
667 263 888 323 Ἥ-14--

194 456 285 521 illam
308 456 471 520 immerito
492 456 616 520 reiecit.
662 453 736 536 Quo
760 455 832 519 loco
853 455 881 519 si
904 475 978 518 cum
1003 454 1167 518 Brunokio
1189 452 1372 539 ἐπιφαίνων

194 567 406 646 restituimus,
441 567 550 630 omnia
584 567 667 631 bene
698 587 732 630 se
761 565 896 631 habent.
949 565 990 629 In
1022 565 1131 629 verbis
1161 567 1247 630 enim
1278 588 1310 649 q.
1344 588 1369 630 s.

193 676 271 764 μηδὲ
302 678 370 763 λίην
397 677 546 761 ἐνέφαινε
575 676 666 741 nullo
697 677 833 758 negotio
861 676 972 741 animo
1003 676 1176 759 suppletur
1204 677 1300 741 κακόν
1332 699 1372 742 ex

194 812 221 853 v.
248 792 326 869 3573
351 787 440 871 quod
463 787 592 852 facilius
614 786 652 851 fit
675 808 748 850 cum
769 787 989 869 subsequatur
1010 787 1102 852 κακόν
1122 787 1159 852 δέ
1174 811 1211 853 τε
1234 780 1294 852 etc.

280 898 406 964 Contra
429 900 463 963 in
485 899 632 963 versibus
655 901 782 962 87-92
806 899 999 962 novissimus
1021 898 1129 963 editor
1146 897 1259 962 Hiller
1276 899 1373 962 vehe-

197 1018 324 1075 menter
359 1031 379 1073 a
411 1031 487 1074 vero
519 1009 703 1087 aberravit,
738 1029 812 1072 cum
840 1029 952 1072 versus
985 1013 1113 1073 89-92
1148 1008 1318 1073 dirimeret
1353 999 1374 1073 a

197 1122 339 1186 disticho
363 1120 578 1185 antecedenti.
633 1117 724 1202 Quos
754 1140 811 1182 sex
837 1141 951 1184 versus
977 1142 1077 1184 unum
1105 1121 1215 1185 lacere
1241 1139 1372 1183 carmen

197 1233 321 1296 evincit
352 1252 426 1295 cum
459 1229 697 1294 sententiarum
726 1235 902 1294 contextus
932 1237 1002 1295 tum
1033 1231 1188 1313 repetitio
1220 1251 1373 1295 versuum

196 1344 323 1406 87-90
343 1347 420 1425 post
443 1362 470 1402 v.
497 1344 579 1403 1082
602 1340 636 1402 in
657 1339 825 1409 codicibus
849 1348 881 1403 A
903 1346 926 1404 0
950 1342 1023 1405 aliis
1036 1343 1070 1422 ¹).

166 1442 168 1446 ¹
286 1451 392 1517 Venio
416 1469 502 1513 nunc
525 1449 568 1514 ad
589 1450 727 1531 elegiam
747 1472 835 1533 quae
857 1453 1002 1533 pertinet
1024 1474 1044 1516 a
1066 1474 1094 1517 v.
1120 1455 1181 1515 323
1205 1472 1308 1533 usque
1330 1449 1373 1515 ad

199 1567 270 1626 328.
313 1560 422 1645 Quam
443 1561 476 1624 in
499 1558 565 1624 fine
588 1559 801 1643 depravatam
824 1584 895 1627 esse
915 1564 1001 1627 inter
1022 1583 1134 1627 omnes
1153 1562 1222 1626 fere
1239 1562 1374 1626 criticos

199 1673 353 1737 convenit
378 1685 483 1753 neque
506 1671 614 1736 adhuc
641 1672 768 1737 medela
787 1672 950 1737 desiderio
975 1674 1155 1756 legentium
1178 1679 1255 1755 apte
1277 1673 1373 1737 satis·

198 1782 322 1846 faciens
344 1783 479 1846 inventa
502 1783 598 1867 est2).
646 1782 746 1849 Velut
766 1784 950 1866 periculum
966 1784 1102 1866 Bergkii
1124 1785 1180 1865 qui
1196 1773 1280 1847 ὁόὖν
1299 1805 1373 1866 pro·

199 1894 310 1975 posuit
332 1893 466 1956 minime
488 1894 607 1976 placet,
631 1916 705 1958 oum
726 1916 787 1958 vox
809 1886 864 1960 οὖν
887 1916 1130 1978 supervacanea
1154 1916 1219 1959 non
1243 1895 1307 1957 nisi
1331 1894 1375 1958 ad

201 2026 329 2069 versum
358 2005 603 2069 resarciendum
632 2006 743 2088 posita
764 2008 809 2070 sit
832 2012 864 2069 et
885 2006 985 2071 dictio
1008 2028 1122 2089 parum
1147 2006 1285 2086 elegans
1305 2004 1374 2070 fiat.

202 2115 467 2197 Explicationem
500 2115 671 2179 Welckeri
707 2117 763 2198 qui
797 2117 971 2180 lectionem
1006 2116 1168 2203 traditam
1199 2115 1375 2180 defendere

200 2233 348 2306 conatur,
374 2226 521 2307 quamvis
545 2233 664 2308 arguta
687 2227 775 2310 sit3),
796 2232 906 2290 tamen
923 2249 997 2291 oum
1014 2228 1056 2291 ad
1072 2227 1244 2292 consilium
1257 2231 1376 2309 poetae

201 2357 266 2399 non
290 2335 454 2418 quadrare
485 2335 634 2399 videatur
660 2337 820 2419 improbo.
877 2337 1005 2402 Sitzleri
1037 2344 1148 2403 autem
1177 2338 1373 2419 interpreta-

200 2449 324 2511 tionem
341 2467 424 2528 quae
441 2451 505 2510 est:
528 2445 581 2510 dei
597 2446 715 2511 nolunt
735 2469 775 2512 ca
796 2447 883 2512 ferre
901 2451 921 2513 i.
939 2471 966 2514 e.
987 2450 1072 2513 inse
1092 2449 1276 2528 admittere,
1300 2468 1375 2511 oon·

200 2557 297 2621 fiteor
326 2578 377 2619 me
406 2577 472 2619 non
502 2555 697 2638 intelligere.
737 2556 855 2642 Neque
877 2560 927 2624 ita
949 2566 986 2624 ut
1009 2560 1151 2625 fortasse
1175 2558 1247 2640 quis
1271 2558 1376 2640 suspi-

202 2675 294 2733 cetur
318 2668 426 2730 locum
450 2667 557 2748 qualis
578 2667 720 2732 traditus
742 2674 792 2733 est
808 2671 974 2752 explicare
995 2669 1084 2734 licet:
1110 2668 1163 2733 dei
1182 2689 1248 2732 non
1271 2669 1382 2733 solent

202 2775 271 2864 (oda
293 2775 450 2849 ἐθέλουσι)
472 2778 554 2842 talia
573 2778 668 2859 ferre,
692 2801 730 2844 eo
747 2800 844 2844 sensu
860 2788 898 2846 ut
912 2781 1039 2845 cladem
1055 2779 1150 2860 ferre,
1169 2778 1379 2859 calumniam,

202 2890 369 2972 repulsam
401 2890 521 2954 dicitur
552 2892 603 2974 (ut
626 2891 725 2954 etiam
750 2891 870 2956 Sitalcr
884 2890 1100 2956 intellexisse
1123 2889 1277 2972 videtur).
1321 2890 1378 2957 Sic

202 3001 287 3067 cuim
310 3001 411 3066 latine
435 3002 624 3085 loquuntur,
655 3022 808 3082 graccum
840 3003 1025 3085 exemplum
1055 3001 1134 3065 mihi
1157 3000 1290 3084 quidem
1313 3022 1378 3065 non

202 3121 316 3179 notum
337 3119 394 3178 est.
440 3111 514 3196 Qua
543 3113 577 3176 in
606 3133 641 3176 re
671 3134 745 3177 cum
769 3113 915 3179 Usenero
947 3113 1131 3177 consentire
1161 3112 1241 3176 mihi
1264 3110 1378 3175 videor

203 3225 260 3305 qui
282 3244 311 3289 v.
333 3225 394 3286 742
417 3228 544 3308 φέρεται
565 3244 625 3305 pro
647 3230 737 3309 φέρει
760 3225 941 3304 desideret3
965 3224 1055 3306 quod
1078 3245 1152 3289 eum
1178 3243 1290 3287 versus
1312 3240 1378 3284 non

202 3332 366 3416 patiatur,
399 3332 433 3395 id
468 3333 556 3415 quod
590 3333 730 3398 eundem
763 3334 865 3398 habet
898 3355 1028 3398 sensum
1063 3335 1226 3416 restituit,
1262 3332 1377 3416 ἔχειῆ.

291 3529 313 3597 ¹)
330 3527 394 3582 Hoc
413 3543 468 3578 non
486 3526 551 3579 satis
570 3528 725 3596 respexisse
736 3527 850 3582 videtur
862 3527 995 3582 Schaefer
1008 3530 1056 3598 qui
1069 3549 1096 3599 p.
1111 3531 1143 3583 12
1155 3529 1265 3582 Hillero
1283 3526 1380 3579 imme·

203 3614 259 3667 rito
280 3611 456 3681 astipulatur.

290 3699 313 3768 ⁸)
338 3699 495 3752 Novissima
521 3699 682 3751 coniectura
708 3701 750 3751 cst
772 3696 876 3752 Hilleri
903 3700 943 3763 (in
965 3699 1053 3768 praef.
1078 3698 1256 3767 anthologiae
1280 3716 1307 3766 p.
1327 3696 1377 3762 X):

203 3785 295 3845 πᾶσιν,
312 3783 419 3855 Κύρνε·
438 3785 503 3835 θεοὶ
520 3780 543 3833 δ’
563 3781 610 3833 οὐκ
629 3776 752 3834 ἐθέλοντ’
770 3780 885 3851 ἀφελεῖν.

219 3907 221 3912 -
290 3871 312 3936 ⁸)
330 3870 361 3924 P.
377 3871 437 3923 106:
467 3869 536 3924 Cum
559 3868 587 3921 vi
611 3867 716 3922 omisca
740 3871 781 3924 est
802 3868 941 3923 scatentia
960 3867 1154 3933 adversativa·
1182 3865 1244 3919 deos
1262 3865 1379 3932 quidem,

204 3956 260 4021 ait,
283 3956 432 4023 conferre
454 3954 598 4009 hominum
618 3957 748 4022 peccato,
775 3955 822 4009 scd
835 3954 958 4022 Ῑννννὶνε,Ι
987 3969 1038 4007 acc
1064 3954 1157 4005 autem
1177 3949 1253 4017 ferre
1279 3950 1380 4014 debere,

204 4059 289 4111 quum
306 4041 429 4096 vindicer
451 4057 546 4094 eorum
568 4055 625 4093 aon
643 4040 733 4095 mmor
750 4037 903 4093 constituti.
924 4067 957 4076 -
974 4037 1057 4090 Hanc
1076 4035 1289 4102 explicationem
1308 4033 1378 4087 acci-

204 4127 248 4194 pit
264 4127 439 4180 Herwerden
457 4144 483 4194 p.
497 4127 538 4178 22.

290 4211 314 4278 ⁴)
333 4211 430 4265 Jahrb.
447 4211 470 4278 f.
488 4211 569 4265 llaec.
588 4209 662 4263 Phil.
683 4211 750 4263 1878
767 4226 794 4277 p.
807 4208 849 4260 66.
