3036 4844
591 286 872 347 .-14-

266 471 350 540 Sunt
371 472 428 554 qui
453 473 538 540 hunc
552 474 782 540 hexametrum
804 474 839 540 in
861 473 1036 543 iteratione
1052 474 1184 542 distichi
1203 475 1349 557 positum

176 587 391 672 archetypum
414 595 540 671 putent
564 607 638 655 cum
661 589 858 672 praesertim
882 590 945 656 hoc
964 589 1060 657 modo
1081 590 1249 658 contrario
1271 609 1349 658 oon-

175 701 287 770 trariis
310 704 428 770 melius
451 705 560 771 relata
581 704 766 772 videantur.
803 704 911 789 Quid?
934 724 1013 773 num
1036 724 1120 789 opus
1142 706 1205 773 fuit
1227 707 1261 772 in
1277 713 1347 775 tam

175 817 316 899 simplici
339 819 515 901 sententia,
543 821 674 902 qualem
697 826 874 901 utrumque
897 820 1060 888 distichon
1083 822 1236 903 praebet,
1270 841 1348 890 con·

173 933 313 1000 tranium
339 935 468 1003 acutius
493 934 651 1019 exprimi?
690 937 806 1003 Nonne
823 936 1000 1003 conserenti
1016 937 1216 1021 Theognidis
1231 958 1263 1006 ν.
1278 945 1346 1006 ,493

387 1060 466 1144 ὑμεῖς
488 1058 545 1126 det
568 1061 706 1144 μυθεῖσθε
728 1063 805 1148 παρὰ
827 1069 948 1148 κρητῆρι
972 1062 1103 1144 μένοντες

172 1171 206 1234 et
227 1185 259 1233 ν.
284 1171 347 1232 981
1053 1242 1056 1247 Ι

385 1273 459 1358 μηδὲ
482 1277 559 1362 παραὶ
580 1283 699 1362 κρητῆρι
722 1275 841 1360 λαήοισιν
863 1274 935 1358 ἐρῆν
958 1274 1049 1376 ρρένα
1071 1275 1185 1359 θέληας

172 1412 204 1474 ct
231 1425 317 1489 quae
344 1410 498 1491 exempla
524 1410 734 1480 Valckenaer
766 1429 816 1491 ep.
846 1409 889 1477 ad
916 1411 1093 1477 Rowerum
1122 1409 1340 1494 (opuscul,

171 1543 201 1604 p.
219 1523 298 1609 376)
322 1523 413 1590 hisce
436 1524 548 1592 serbis
576 1525 686 1593 affert:
722 1543 797 1592 nam
833 1525 919 1592 sicut
946 1525 1003 1593 alii
1031 1525 1156 1607 passim
1183 1527 1251 1612 παρ’
1279 1527 1339 1612 αἴνῳ

170 1640 224 1704 vel
253 1639 318 1724 παρ’
347 1639 431 1721 οἶνον,
459 1639 509 1706 ita
535 1641 612 1726 παραὶ
641 1649 785 1727 κρητῆρα,
817 1641 894 1728 παραὶ
927 1648 1088 1727 κρητῆρας,
1116 1647 1192 1727 παραὶ
1223 1651 1345 1730 κρητῆρι

171 1753 338 1820 dixerunt:
361 1754 456 1820 Pind.
480 1756 576 1821 Nem.
600 1756 662 1836 ΙΧ,
690 1761 750 1820 107
777 1754 852 1841 (IX,
875 1761 917 1821 49
941 1757 1105 1840 Boeckh):

258 1887 442 1973 θαρσαλέαθὲ
465 1889 542 1975 παρὰ
564 1889 696 1975 κρητῆρα
719 1891 801 1976 ριυναὶ
823 1891 934 1973 ηἰνεται.
975 1890 1123 1958 Telestes
1140 1891 1344 1960 Selinuntius

146 1992 148 1996 ⁴
170 2002 258 2084 apud
274 2004 396 2070 Athen.
417 2003 500 2071 XIV
520 2024 552 2086 p,
577 2009 642 2071 626
665 2006 699 2071 A
723 2006 873 2088 (Anthol.
896 2004 975 2089 Lyr.
1000 2006 1050 2072 ed.
1075 2007 1182 2074 Hiller
1204 2028 1236 2090 p.
1261 2010 1342 2095 234)

275 2127 395 2216 Πρῶτον
418 2131 495 2216 παριὶ
517 2138 665 2217 κρητῆρας
683 2129 837 2194 Ἑλλάνων
862 2129 891 2192 ἐν
915 2129 1013 2200 αὐλοῖς

276 2243 422 2307 συνοπαδοὶ
444 2243 577 2316 Πέλοπος
600 2245 705 2333 ματρὸς
727 2246 820 2333 ὀρείας

275 2358 392 2446 Φρὺηιον
416 2362 512 2422 ἄεισαν
535 2364 629 2442 νόμον,

167 2475 280 2562 Apoll.
303 2475 409 2542 Rhod.
433 2475 477 2557 H,
505 2481 581 2541 158:
606 2475 670 2539 οὐδὲ
693 2476 743 2538 τιν’
769 2475 852 2548 ὕπνος

276 2591 335 2654 εἶκε
357 2591 434 2677 παρὰ
457 2598 576 2677 κρητῆρι
599 2590 646 2652 καὶ
669 2591 827 2674 αἰθομένοις
851 2594 958 2679 ἱεροῖσιν
1029 2623 1035 2635 =

168 2725 273 2806 adest,
298 2731 424 2792 certum
451 2724 512 2791 tibi
540 2724 672 2791 videtur
707 2725 816 2807 aptius
851 2726 928 2792 dici:
968 2725 1066 2790 πολλοί
1092 2721 1144 2787 τοι1
1169 2726 1263 2794 πόσιος
1288 2724 1335 2786 καὶ

169 2840 290 2930 βρώσιος
318 2844 384 2906 εἰσιν
411 2841 512 2929 ἑταῖροι
535 2860 634 2924 quam
658 2840 757 2904 πολλοὶ
779 2863 835 2928 παρ
858 2851 978 2930 κρητῆρι
1001 2840 1075 2928 ρθιοι
1096 2843 1213 2926 ηἱνονται
1234 2839 1337 2927 ἑταῖροι

168 2941 274 3043 quod
295 2961 335 3027 de
373 2958 622 3026 combibonibus
660 2964 790 3025 tantum
827 2963 917 3025 recte
955 2958 1019 3025 dici
1055 2960 1181 3040 potest,
1213 2962 1249 3023 et
1282 2978 1338 3042 παρ

168 3085 287 3163 κρητῆρι
311 3075 343 3141 in
368 3077 430 3141 hoo
453 3074 615 3141 distichon
632 3094 649 3140 e
666 3074 864 3157 Theognidis
888 3074 978 3155 loeis,
1003 3092 1085 3155 quos
1107 3090 1211 3156 supra
1234 3072 1341 3155 attuli,

168 3191 360 3275 irrepsisse?
409 3191 507 3258 Adde
542 3192 628 3273 quod
663 3211 723 3258 cur
757 3191 919 3258 distichon
957 3188 1039 3255 illud
1073 3188 1285 3255 immutatum
1321 3208 1342 3254 a

168 3307 344 3388 nescioquo
369 3306 517 3373 additum
545 3306 589 3373 sit
616 3307 778 3372 neminem
807 3306 924 3388 fugiet,
949 3304 1005 3387 qui
1028 3323 1145 3371 versus
1169 3303 1225 3384 qui
1250 3310 1341 3370 ante·

85 3490 91 3502 ,
168 3423 288 3489 cedunt
312 3423 499 3489 accuratius
523 3421 650 3505 legerit.
696 3442 727 3488 v.
753 3427 832 3488 641:

403 3546 434 3609 οὐ
457 3549 498 3610 τοί
520 3545 653 3629 κἐἱθείης
676 3545 732 3608 οὔτ’
758 3545 849 3608 εὔνουν
872 3545 936 3609 οὔτε
958 3546 1005 3609 τὸν
1030 3544 1144 3666 θηθρόν,

404 3664 428 3724 εἰ
451 3662 491 3746 μῆ
515 3660 696 3724 σπουδαίου
720 3666 918 3748 πρῆηματος
941 3664 1106 3759 ἀντιτὺχυΐρ.

168 3931 232 3978 που
256 3911 463 3978 commodum
487 3910 663 3978 videbatur
690 3909 735 3992 ei,
764 3910 819 3992 qui
847 3930 964 3977 versus
991 3910 1078 3976 infra
1151 3906 1231 3974 sitos
1254 3923 1346 3972 com-

168 4026 288 4108 posuit,
311 4026 404 4092 illam
427 4032 587 4110 repetere,
612 4026 670 4093 sed
693 4028 797 4092 verba
819 4025 868 4091 ita
890 4024 1052 4091 varianda
1074 4043 1110 4090 er
1158 4027 1188 4105 t,
1210 4026 1248 4087 ut
1270 4039 1344 4088 sen-

167 4142 272 4207 tentia
294 4162 359 4208 non
382 4142 594 4226 discreparet.

258 3797 322 3863 Sed
346 3796 432 3878 quod
448 3795 482 3861 in
497 3795 590 3866 initio
607 3794 704 3861 huius
720 3793 851 3861 distichi
867 3795 1032 3877 particula
1047 3820 1086 3859 τοι
1102 3790 1342 4229 {ponebam

240 4335 250 4374 ¹
270 4337 349 4390 idem
367 4338 530 4391 hexametri
548 4337 669 4389 initium
688 4336 756 4388 vide
775 4337 806 4388 in
826 4353 852 4389 v.
868 4336 927 4400 161,
947 4335 999 4388 315
1018 4333 1117 4402 (quem
1147 4331 1263 4415 Solon-is
1283 4345 1348 4384 esse

168 4425 301 4495 constat),
321 4427 382 4491 693,
401 4428 454 4480 965
473 4430 501 4479 et
519 4427 551 4479 in
570 4425 759 4492 Phocylidcis
779 4428 803 4490 7,
825 4427 848 4478 1.
