3036 4844
638 576 772 680 Caput
802 574 880 654 111.

257 772 413 856 Sequitur
428 780 466 839 ut
481 773 522 840 de
535 775 641 840 vocali
658 775 758 857 longa
777 774 827 838 vel
843 772 1047 857 diphthongo
1064 774 1098 838 in
1116 794 1193 838 voce
1211 780 1350 839 exeunte

174 890 250 950 ante
282 884 429 951 vocalem
459 887 685 968 insequentem
719 890 874 968 correpta
908 884 1081 950 dicendum
1110 884 1155 949 111
1182 890 1216 949 01
1250 905 1350 967 quae·

172 995 309 1060 rendum
344 997 378 1060 in
414 999 477 1062 hac
515 1019 551 1061 10
586 996 783 1080 prosodiaca
815 1018 894 1061 num
925 1002 1033 1061 certas
1066 994 1228 1078 quasdam
1260 994 1349 1076 leges

171 1103 336 1188 Theognis
365 1106 605 1189 observaverit,
636 1107 722 1173 unde
752 1107 893 1174 fortasse
922 1109 983 1173 hos
1013 1107 1088 1172 illos
1118 1127 1231 1171 versus
1259 1104 1350 1169 adul·

171 1217 293 1283 terinos
328 1239 399 1283 esse
433 1215 605 1286 efficiatur.
650 1221 763 1302 Atque
797 1226 835 1283 ut
868 1218 947 1303 quid
977 1216 1204 1301 Theognidem
1234 1216 1351 1282 deceat

171 1327 250 1410 quid
282 1349 363 1409 non,
395 1328 536 1394 iudicari
567 1335 677 1413 queat,
707 1331 816 1396 facere
840 1351 906 1395 non
934 1349 1109 1413 possumus
1140 1329 1220 1412 quin
1250 1329 1349 1393 etiam

170 1459 265 1503 usum
288 1444 461 1523 poetarum
485 1445 595 1506 aetate
613 1441 818 1523 superiorum
837 1446 871 1505 01
885 1441 1076 1506 inferiorum
1093 1439 1349 1506 consideremus.

170 1548 243 1613 Iam
268 1550 477 1615 observatum
501 1557 552 1617 011
574 1573 594 1616 0
616 1551 825 1617 Kaibelio
849 1559 882 1618 et
903 1552 1125 1638 Dielsi01),
1148 1558 1263 1636 poetas
1286 1552 1350 1618 010-

172 1661 282 1742 giacos
317 1663 518 1745 antiquiores
554 1685 619 1728 non
647 1664 709 1728 nisi
743 1665 845 1728 certis
874 1684 988 1728 versus
1019 1664 1152 1729 sedibus
1183 1665 1349 1746 corripere

172 1773 289 1837 solere.
335 1772 403 1839 Sed
422 1795 504 1857 opus
527 1776 591 1839 erit
612 1796 680 1839 rem
702 1781 809 1839 totam
825 1775 930 1839 denuo
947 1781 981 1838 01
997 1775 1187 1840 accuratius
1203 1779 1349 1840 tractare

171 1890 205 1948 01
226 1885 399 1949 materiam
422 1887 611 1950 nniversam
633 1886 811 1951 lectoribus
832 1905 1029 1969 proponere.

256 1995 452 2078 Priusquam
485 2002 593 2061 autem
628 1996 668 2062 de
696 2005 802 2062 metro
833 1996 977 2079 elegiaco
1007 2017 1151 2078 agamus,
1181 2016 1287 2080 pauca
1310 1995 1349 2060 de

171 2104 361 2170 hexametro
391 2108 524 2173 heroico
554 2109 797 2191 praemittenda
826 2116 912 2189 sunt,
945 2130 1008 2190 quo
1039 2108 1154 2173 melius
1178 2106 1257 2191 quid
1286 2106 1349 2177 dis·

171 2219 317 2282 criminis
349 2219 534 2286 intercedat
563 2221 648 2284 inter
680 2220 906 2285 hexametrum
941 2221 1120 2301 elegiacum
1156 2224 1189 2284 et
1222 2219 1350 2302 epicum

170 2329 325 2411 cognosci
360 2333 473 2413 possit.
517 2329 582 2413 Qui
617 2332 656 2396 de
691 2333 858 2398 homerico
887 2354 949 2397 usu
978 2331 1087 2396 adhuc
1118 2331 1351 2415 quaesiverunt

171 2439 330 2505 Hartel
347 2447 381 2506 et
396 2442 615 2526 Gruli0h2)
628 2445 768 2509 maxime
779 2445 814 2509 id
828 2450 975 2527 egerunt,
989 2448 1026 2507 ut
1037 2443 1206 2527 quomodo
1218 2442 1349 2507 vocales

173 2551 291 2618 finales
314 2574 399 2636 quae
416 2556 540 2638 corripi
555 2555 747 2621 viderentur
761 2556 1026 2639 pronuntiandae
1050 2559 1159 2619 essent
1181 2552 1349 2619 docerent.

170 2660 400 2729 Ostenderunt
429 2665 492 2729 viri
516 2665 604 2732 docti
629 2667 850 2750 diphthongos
872 2692 915 2742 αι,
935 2689 973 2747 οι,
996 2691 1032 2742 ει,
1055 2690 1099 2741 ov,
1122 2689 1155 2729 eo
1178 2663 1348 2746 aliquanto

172 2775 303 2858 saepius
326 2781 402 2840 ante
426 2774 526 2840 verba
549 2799 570 2841 a
592 2780 698 2843 vocali
716 2779 908 2861 incipientia
923 2777 1086 2841 collocata
1108 2775 1230 2857 corripi
1250 2793 1350 2855 quam

171 2885 340 2950 vocalesur
357 2912 464 2972 ῳηῃ.
509 2888 631 2953 Hiatus
645 2889 742 2953 huius
757 2890 895 2972 generis,
913 2896 950 2951 ut
966 2887 1204 2969 significatione
1220 2884 1349 2966 saepius
1410 2902 1415 2906 ’

173 3004 333 3079 usurpata
365 2998 418 3063 hic
446 3006 535 3079 utar,
566 3022 765 3083 quamquam
795 3022 831 3065 10
859 3020 935 3064 1010
963 2999 1075 3062 hiatus
1105 3001 1279 3074 nonest)
1310 3032 1347 3040 -

174 3107 324 3172 nonnulli
349 3111 450 3174 etiam
471 3111 635 3176 hiatum
660 3111 845 3176 debilem
869 3109 1095 3192 appellant-
1116 3109 1174 3173 hos
1198 3124 1349 3170 numeros

173 3217 299 3283 invenit
320 3217 459 3284 Grulich
482 3244 514 3305 p.
537 3227 573 3286 4:
603 3229 734 3288 exstant
766 3223 916 3306 exempla
937 3220 1101 3287 vocalium
1124 3225 1350 3300 correptarum

168 3332 1072 3417 -ur244293or:2096;ec:506;ov:3;oo14893ev:
1100 3332 1349 3409 1033w:1723

260 3562 283 3629 ¹)
302 3561 406 3617 Kaibel
419 3563 574 3618 Philodemi
589 3565 758 3620 Gadarensis
771 3567 972 3636 epigrammata
990 3563 1085 3631 (index
1098 3561 1183 3616 schol.
1193 3559 1349 3629 Gryphisvv.

175 3649 239 3700 aest.
260 3649 339 3717 1885)
356 3667 383 3718 p.
396 3649 528 3704 IV-VI.
546 3683 580 3689 -
604 3650 683 3703 Diels
707 3652 735 3703 in
754 3649 879 3705 Hermae
903 3651 1166 3718 101231128110.
1203 3645 1282 3700 Idem
1307 3644 1350 3695 vir

170 3729 273 3787 doctus
291 3735 320 3786 iu
339 3735 505 3790 lectionibus
524 3736 559 3790 de
577 3738 665 3805 poetis
684 3736 778 3804 lyricis
797 3738 900 3791 habitis
918 3738 952 3790 de
964 3754 995 3790 re
1008 3736 1109 3789 docere
1128 3733 1207 3797 solet,
1227 3732 1270 3784 cui
1287 3746 1349 3798 per·

173 3818 292 3872 multum
310 3821 406 3875 debeo.

259 3904 282 3970 ⁹)
302 3905 404 3961 Hartel
422 3909 600 3965 Homeriacbe
619 3906 738 3962 Studien
755 3906 787 3958 ΙΙ
806 3906 945 3973 (Bericbtc
963 3908 1011 3961 der
1024 3907 1135 3961 Wiener
1147 3903 1235 3959 atad
1252 3900 1349 3954 10176

173 4004 199 4056 p.
210 3991 261 4043 328
273 3994 345 4060 sqq.)
364 3999 393 4047 et
409 3995 457 4049 ΙΙΙ
476 3996 586 4065 (10178
605 3994 753 4064 p.7sqq.);
773 3992 805 4044 0.
819 3991 936 4044 Grulich
954 3993 989 4045 de
1002 3991 1123 4059 quodam
1140 3991 1232 4043 hiatus
1249 4001 1350 4055 genere

175 4077 352 4141 quaestiones
370 4081 400 4134 in
418 4080 535 4134 Homeri
553 4080 722 4133 carminibus
740 4079 884 4131 institutae
903 4078 979 4144 (diss.
998 4078 1090 4144 inaug.
1111 4075 1191 4130 Halis
1212 4074 1297 4141 1876).

260 4162 381 4233 8)1)000
407 4167 525 4222 Grulich
547 4185 573 4236 p.
594 4168 680 4233 aosq.
699 4165 792 4233 pouit,
821 4165 902 4217 nihili
926 4168 996 4217 sunt.
1039 4163 1079 4216 Of.
1106 4162 1200 4216 Christ
1224 4159 1348 4215 Metal*

165 4250 190 4319 :b
209 4252 381 4306 18601232.
417 4252 507 4306 Recte
524 4252 622 4307 Boekh
640 4253 675 4306 de
693 4252 787 4305 metris
804 4250 919 4304 Pindari
937 4269 964 4320 p.
979 4251 1036 4303 102.
