3036 4844
671 243 881 304 250-

272 437 326 501 Ac
345 437 492 520 primum
509 436 646 519 quidem⁴
665 441 809 520 apparet„
824 456 995 501 numerum
1014 434 1158 501 thesium
1179 436 1362 519 primarum

186 548 344 613 minorem
367 567 438 612 esse
468 566 575 630 quam.
597 547 824 613 secundarum.
868 544 944 611 Hoc
965 567 1039 611 non.
1054 546 1151 611 modo
1174 547 1208 611 in
1234 569 1362 612 summa

185 678 357 740 versuum,
370 657 428 722 sed
444 657 545 722 etiam
560 658 594 722 in
609 657 749 742 singulis
764 656 859 722 libris
875 656 989 722 eadem
1005 657 1135 722 ratione
1152 658 1363 740 conspicitur,

185 774 231 833 ut·
243 789 322 834 casu
343 767 405 833 hoc
426 767 559 833 sactum
573 768 759 852 negandum
780 768 824 832 sit
835 770 869 848 l).
902 767 1002 832 Ratio
1024 773 1133 832 autem
1150 789 1240 850 quae
1262 768 1362 833 inter·

186 878 281 944 cedit
294 877 381 943 inter
401 878 513 943 hiatus
533 880 720 945 trochaicos
736 885 769 944 et
784 877 1022 962 dactylicos-
985 877 1233 960 -respieimus
1250 884 1361 944 autem

183 995 311 1072 partem
326 989 360 1053 A
376 989 510 1056 tabulae
521 991 634 1072 solam,
657 990 880 1105 correptiones
894 989 1034 1054 voculae
1050 993 1103 1054 καί
1090 988 1171 1054 lhic
1182 1009 1248 1053 non
1268 1009 1368 1066 cura·=

183 1122 320 1166 mus-
278 1101 496 1166 -thaeo
445 1107 512 1166 est:

474 1266 509 1309 1n
530 1244 638 1310 Il1ade
705 1247 1081 1326 1251:2094=1:1,7

473 1355 506 1419 in
528 1355 677 1440 Odyssea
701 1358 782 1420 1009
797 1378 803 1418 :
819 1357 901 1417 1797
917 1385 959 1408 =
976 1358 1081 1435 1:1‚8

473 1466 657 1550 inhymnis
721 1469 803 1530 155:
840 1468 1057 1529 312--1;2.

266 1609 398 1676 Deinde
421 1631 622 1694 quamquam
642 1610 793 1675 omnibus
809 1610 991 1675 hexametri
1013 1611 1094 1676 locis
1118 1609 1359 1693 correptionem

181 1712 313 1787 admitti
341 1720 506 1802 videmus,
537 1727 648 1786 tamen
677 1721 796 1784 mirum
827 1727 987 1803 quantum
1014 1722 1154 1787 interest
1186 1742 1250 1804 quo
1283 1722 1357 1788 loco

182 1832 389 1915 corripiatur,
414 1854 488 1898 cum
509 1834 543 1897 in
561 1834 622 1898 hoc
641 1832 726 1916 pede
748 1832 913 1915 frequens,
936 1833 970 1896 in
990 1832 1048 1898 illo
1064 1832 1241 1897 admodum
1262 1854 1359 1898 rarus

181 1943 224 2007 sit
243 1942 364 2009 hiatus.
404 1944 520 2028 Atque
536 1965 575 2008 ea
590 1965 691 2009 causa
712 1943 966 2027 disputationem
989 1948 1139 2008 nostram
1157 1944 1358 2008 statisticam

180 2075 280 2137 quam
300 2054 469 2137 appellare
496 2055 614 2136 solent,
645 2076 712 2120 non
735 2054 884 2119 inutilem
907 2053 977 2118 fore
1001 2075 1107 2137 spero.
1150 2053 1358 2137 Perspicitur

180 2165 266 2228 enim
282 2165 378 2247 quasi
393 2186 506 2230 sensus
521 2167 678 2232 metricus
692 2171 819 2249 poetae,
835 2165 980 2230 videmus
995 2165 1052 2230 ubi
1066 2186 1179 2229 versus
1198 2168 1358 2248 pangenti

179 2281 339 2357 tanquam
370 2297 430 2340 sua
456 2282 573 2358 sponte
601 2276 710 2342 hiatus
741 2297 776 2341 se
804 2274 970 2356 obtulerit,
1003 2296 1100 2359 quem
1129 2273 1239 2339 locum
1259 2277 1357 2341 anxie

178 2384 310 2468 fugerit.
354 2384 498 2451 Maxime
528 2408 603 2469 ergo
636 2386 747 2452 hiatus
773 2385 849 2450 illos
882 2385 1042 2450 admissos
1072 2386 1180 2451 elucet
1205 2386 1240 2450 in
1269 2388 1355 2452 thesi

179 2495 287 2560 altera
314 2497 407 2578 pedis
436 2497 547 2580 quarti
572 2503 648 2561 ante
679 2517 849 2561 caesuram
878 2495 1064 2561 bucolicum
1094 2501 1148 2576 (30
1160 2495 1223 2581 ΙΙΙ),
1253 2498 1354 2581 paulo

176 2608 283 2672 rarius
318 2607 352 2672 in
381 2615 522 2691 utraque
552 2607 639 2673 thesi
668 2607 764 2690 pedis
800 2607 899 2690 primi
934 2613 967 2670 et
998 2607 1086 2672 thesi
1115 2608 1224 2691 prima
1251 2610 1352 2674 tertii.

177 2718 291 2802 Atque
312 2719 348 2784 in
378 2718 440 2784 hac
462 2719 538 2784 sede
559 2717 656 2802 pedis
685 2719 776 2783 tertii
805 2738 909 2801 paene
942 2738 1071 2802 semper
1102 2717 1229 2801 syllaba
1257 2719 1354 2802 longa

176 2829 225 2894 ita
245 2830 432 2913 corripitur,
453 2835 492 2894 ut
512 2835 590 2914 post
612 2850 686 2894 eam
704 2849 843 2894 caesura
862 2827 1004 2909 oriatur,
1036 2827 1104 2892 scil.
1131 2849 1170 2892 ea
1194 2851 1279 2912 quae
1300 2852 1354 2896 vo-

177 2946 273 3006 catur
293 2939 375 3023 perol
400 2945 504 3024 τρίτον
522 2940 862 3025 τροχαων(;)ΙΙ
907 2939 1050 3004 Perraro
1074 2943 1152 3020 post
1183 2960 1352 3006 caesuram

176 3053 356 3117 masculam
371 3051 892 3137 voxmonosyllabacorripiendo
908 3051 1015 3116 brevis
1034 3051 1127 3129 fit(-
1088 3050 1245 3136 Ι(·Ι;ς,
1233 3057 1352 3134 ),cum

175 3182 243 3225 non
265 3163 450 3245 amplius
422 3164 525 3246 mgint
526 3164 538 3226 i
554 3184 610 3228 sex
631 3163 780 3245 exempla
795 3162 892 3227 huius
907 3162 1123 3244 correptionis
1142 3101 1353 3228 inveniantur

176 3293 216 3336 ex
237 3276 300 3336 849
312 3274 356 3358 2);
377 3273 442 3337 nisi
465 3279 516 3347 est
534 3295 597 3338 vox
618 3277 680 3355 aci,
711 3294 796 3356 quae
828 3293 904 3338 suas
925 3273 1013 3356 leges
1037 3273 1188 3357 sequitur
1209 3278 1242 3338 et
1263 3273 1352 3339 hunc

175 3380 284 3445 locum
305 3402 411 3464 paene
434 3384 575 3448 maxime
598 3390 707 3465 amat,
737 3383 866 3465 quade
896 3405 932 3448 re
962 3384 1059 3450 infra.
1106 3384 1281 3448 Proximus
1301 3391 1352 3450 est
1472 3387 1474 3392 ’

174 3491 362 3575 frequentia
379 3494 624 3578 correptionum
639 3515 697 3577 pes
720 3495 865 3577 quintus,
889 3516 986 3577 quem
1003 3499 1065 3561 502
1081 3496 1193 3560 hiatus
1209 3495 1352 3561 trochai-

174 3622 247 3683 cos,
285 3606 347 3668 693
376 3602 560 3688 dactylicos
589 3604 712 3669 habere
749 3605 906 3671 videmus.
957 3605 1063 3672 Multo
1098 3607 1206 3671 minus
1241 3612 1351 3672 autem

173 3713 281 3779 hiatui
294 3714 395 3780 debili
408 3720 546 3799 apparet
567 3714 693 3780 aditum
705 3719 853 3799 patuisse
876 3717 919 3782 ad
941 3704 1057 3800 pedem
1080 3716 1222 3782 alterum
1243 3723 1351 3784 totum

177 3855 382 3867 ..α-ι*

260 3939 283 4006 ¹)
300 3938 460 3993 Honorem
477 3936 561 3990 etiam
578 3935 739 3990 observavit
756 3936 856 3990 Hartel
873 3936 906 3990 11
923 3955 950 4006 p.
963 3937 1014 3990 075
1033 3940 1062 3990 et
1079 3936 1129 3990 III
1147 3954 1174 4006 p.
1186 3939 1231 3991 46.

259 4040 283 4110 ¹)
301 4042 328 4092 B
344 4042 403 4104 762,
423 4040 448 4092 Ζ
460 4042 516 4105 142,
536 4039 569 4089 H
584 4040 641 4104 111,
659 4038 675 4093 Ι
694 4041 745 4094 124
757 4064 788 4085 --
801 4041 860 4106 266,
880 4041 911 4090 Κ
924 4040 984 4105 451,
1003 4041 1027 4089 Δ
1045 4039 1104 4105 608,
1125 4041 1156 4089 11
1175 4041 1233 4105 149,
1254 4040 1279 4089 Φ
1293 4040 1351 4107 113,

176 4125 276 4181 9212.
311 4122 742 4196 171‚”r153,·158‚5204‚
769 4128 854 4192 π19,
882 4125 1209 4192 pronascatuvlee.
1245 4123 1350 4196 Hymn.
1428 4154 1431 4159 ·

171 4208 264 4276 1335,
281 4211 314 4266 H
331 4213 383 4266 445
401 4216 429 4266 et
446 4213 505 4277 519,
523 4210 568 4266 IV
589 4213 623 4266 1⁷
640 4214 670 4266 et
686 4213 730 4277 46,
749 4210 793 4266 VI
812 4211 854 4272 21,
873 4212 914 4272 29,
933 4211 974 4265 50.
