3036 4844
650 274 870 334 -27-

172 462 403 546 Theognideae
425 461 551 529 direota
573 468 651 530 sunt
673 482 773 544 quam
787 464 896 547 τολρᾶο
912 470 980 553 χρή,
1004 483 1090 546 quae
1104 468 1209 534 verba
1224 471 1258 534 et
1272 466 1346 550 ipsa

170 577 206 643 in
229 576 321 644 initio
345 597 377 643 v.
402 583 465 644 591

381 711 489 794 τολμᾶν
512 716 581 798 χρὴ,
603 713 639 775 τὰ
661 711 763 776 διδοῦσι
785 713 846 776 ted.
867 714 993 798 θνητοῖσι
1018 713 1150 802 §poedore

171 840 359 903 ooeurrunt.

260 960 375 1026 Verba
397 965 509 1026 autem
534 960 563 1023 ἐν
590 961 688 1045 ἅλρεοο
710 963 836 1046 κείρεοον
860 962 949 1049 ἄνδρα
971 964 1075 1030 multo
1098 969 1271 1047 praestare
1287 965 1345 1045 eis,

171 1093 257 1157 quae
279 1075 314 1141 in
336 1075 510 1142 iteratione
533 1082 611 1144 sunt
631 1077 702 1164 ἦτορ
722 1078 824 1164 ἔχοντα
844 1097 957 1145 omnes
977 1098 1042 1146 uno
1064 1099 1120 1146 ore
1141 1081 1347 1148 consentiunt

171 1194 306 1274 praeter
329 1191 505 1259 Sitzlerum
534 1193 640 1277 (Neue
662 1192 824 1276 Philolog.
848 1193 1050 1262 Rundsohau
1076 1200 1174 1278 1886,
1198 1216 1230 1280 p.
1255 1199 1343 1280 242).

171 1306 239 1374 Sed
262 1307 415 1388 exempla
438 1308 480 1373 ab
498 1327 536 1373 eo
553 1309 657 1374 allata
680 1327 784 1390 neque
807 1308 841 1374 in
864 1309 951 1375 huno
973 1312 1082 1376 looum
1106 1311 1271 1393 quadrant
1290 1331 1346 1379 ne·

168 1441 234 1504 que
259 1421 307 1488 eis
331 1424 566 1505 oomprobatur
587 1423 657 1510 ἦτορ
674 1424 749 1511 ἔχειν
773 1423 837 1490 diei
861 1424 1018 1506 potuisse.
1054 1426 1119 1511 Qui
1142 1427 1267 1494 faotum
1291 1427 1344 1510 sit,

168 1543 209 1605 ut
242 1537 313 1624 ἦτορ
344 1538 446 1624 ἔχοντα
477 1577 519 1586 -
551 1539 592 1605 de
626 1539 765 1605 lectione
800 1539 921 1606 oodiois
954 1542 982 1609 Ο
1017 1533 1127 1609 verbis
1162 1561 1227 1609 non
1265 1562 1348 1625 opus

146 1659 227 1721 est·
249 1691 292 1701 —
321 1654 408 1735 quod
436 1653 528 1720 nihih
558 1660 624 1736 est,
652 1655 686 1720 in
714 1655 942 1722 hexametrum
966 1658 1149 1738 posteriore
1172 1658 1244 1725 loeo
1267 1658 1348 1724 irre·

172 1774 279 1852 peret,
303 1769 489 1851 explicandi
517 1771 642 1838 multae
665 1779 802 1854 possunt
825 1771 1007 1855 excogitari
1029 1772 1119 1852 viae3
1145 1773 1188 1839 ef.
1213 1773 1347 1841 Schnei-

170 1885 279 1952 dewin
302 1906 334 1968 p.
359 1891 412 1952 21.

258 2009 339 2076 Jam
366 2015 612 2093 perscrutemur
634 2029 691 2076 eos
714 2029 844 2092 versus,
875 2031 956 2092 quos
985 2012 1212 2080 Schneidewin
1239 2012 1345 2094 primo

173 2125 245 2191 loeo
272 2146 303 2209 p.
333 2130 377 2192 20
404 2126 575 2207 tractavit,
607 2145 639 2191 v.
670 2130 870 2208 alr—572,
901 2127 958 2208 qui
983 2127 1071 2194 infra
1098 2137 1172 2211 post
1198 2148 1229 2193 v.
1261 2133 1347 2194 1104

177 2239 334 2321 legmtur.

334 2372 413 2456 Δόξα
436 2383 488 2466 μὲν
511 2385 684 2471 ἀνθρώποισι
706 2383 793 2447 κακὸν
816 2385 898 2468 μέγα,
921 2392 1004 2473 πεῖρα
1026 2387 1166 2474 δ’ἄριστον
1222 2430 1224 2435 -

331 2498 431 2561 πολλοὶ
454 2501 597 2586 ἀπείρητο
620 2489 707 2573 δόξαν
731 2501 827 2587 ἕχουσ’
852 2502 978 2585 ἀγαθῶν.

260 2659 362 2742 Infra,
386 2659 442 2726 ubi
458 2660 546 2727 idem
563 2661 726 2728 distichon
742 2661 917 2744 repetitum
937 2661 1132 2744 invenimus,
1153 2663 1346 2728 hexameter

169 2791 235 2839 non
269 2780 320 2842 est
353 2775 519 2857 variatus,
547 2775 580 2840 in
612 2780 816 2858 pentametro
844 2774 877 2841 A
904 2774 1007 2842 habet
1029 2776 1139 2860 ἀγαθοί,
1172 2777 1206 2841 in
1230 2776 1259 2844 O
1284 2795 1347 2843 non
1467 2859 1473 2868 Ι

171 2889 293 2974 ἀγαθὴν,
322 2892 380 2957 sed
409 2890 635 2960 Studemundo
668 2896 754 2957 teste
781 2892 898 2975 ἀγαθῶν
933 2909 1032 2973 quam
1060 2891 1161 2975 ἀραθῖο
1189 2892 1347 2974 seriptum

170 3023 243 3073 esse
265 3009 367 3089 paulo
391 3007 597 3088 probabilius
621 3013 681 3074 est.
721 3007 787 3092 Qui
801 3026 919 3075 versus
943 3008 972 3074 si
994 3007 1105 3090 priore
1127 3012 1257 3074 tantum
1274 3008 1346 3075 loeo

169 3121 296 3188 servati
323 3128 447 3204 essent,
475 3122 557 3190 nihil
585 3124 740 3205 cuiquam
771 3123 942 3190 offensioni
973 3124 1120 3190 futurum
1152 3123 1254 3190 fuisse
1286 3143 1346 3207 pro

170 3242 260 3304 eerto
285 3239 537 3321 affirmaverim
560 3259 703 3322 namque
726 3240 831 3307 verba
853 3239 887 3306 in
910 3239 944 3306 A
959 3241 1037 3309 etO
1060 3238 1135 3322 pari
1158 3239 1255 3306 modo
1279 3245 1347 3307 tra·
1395 3274 1398 3279 ⁴

168 3351 241 3419 dita
263 3373 328 3420 non
351 3356 448 3422 modo
472 3375 571 3422 sensu
600 3375 665 3423 non
693 3361 820 3440 oarent‚
849 3357 908 3424 sed
936 3356 1133 3424 sententiam
1161 3356 1348 3439 exprimunt

168 3470 347 3537 rotundam
370 3476 469 3552 atque
492 3471 656 3554 integram
672 3490 777 3553 neque
794 3491 816 3540 a
831 3473 1031 3556 Theognidis
1046 3472 1176 3556 ingenio
1193 3471 1347 3538 alienam.

169 3584 376 3653 Soheidewin
404 3587 466 3653 etsi
494 3587 535 3653 de
566 3587 717 3654 loetionis
732 3588 907 3656 uarietate
945 3608 1067 3672 anoeps
1091 3606 1164 3656 esse
1191 3586 1347 3653 iudioium

162 3702 335 3785 'coneedit
362 3703 530 3769 tamenin
555 3722 669 3770 eorum
693 3723 829 3772 numero
853 3704 985 3771 videtur
1012 3722 1100 3785 esse,
1129 3701 1185 3784 qui
1207 3703 1347 3768 alteram

168 3817 308 3884 ultimae
341 3819 474 3887 distichi
507 3819 600 3887 voois
638 3821 812 3887 leotionem
854 3822 1054 3903 praeferant.
1111 3819 1236 3886 Iniuria
1274 3836 1346 3884 meo

171 3932 302 4013 quidem
326 3934 456 4017 indicio,
480 3953 558 4002 nam
582 3935 733 4017 quamvis
757 3942 886 4003 oonstet
908 3936 1132 4020 Theognidem
1159 3935 1346 4000 homoeote-

169 4048 262 4113 leuta
289 4050 480 4134 adamasse,
508 4056 712 4118 tamennon
745 4055 795 4118 est
824 4051 1063 4134 neglegendum
1090 4049 1208 4134 ἀραθῑοο
1241 4048 1346 4114 multo

169 4162 288 4230 melius
310 4166 469 4233 traditum
493 4186 566 4234 esee
589 4165 822 4248 melioremque
845 4167 908 4233 hae
930 4166 1070 4233 lectione
1104 4170 1240 4233 servata
1275 4163 1347 4231 erui

168 4279 378 4347 sententiam.
422 4282 519 4367 Quod
543 4280 771 4350 Schneidewin
794 4280 957 4349 distiohon
980 4285 1057 4364 post
1077 4300 1110 4348 v.
1137 4280 1346 4348 110400110-

169 4397 283 4460 oatum
307 4396 429 4479 optime
454 4415 634 4480 congruam
656 4415 731 4463 oum
754 4395 939 4479 insequenti
962 4395 1141 4464 contendit:
