3036 4844
773 280 989 342 ..10-

285 462 451 547 Equidem
478 477 511 535 ut
543 491 608 535 non
638 472 748 537 dicam
777 474 816 538 de
849 477 895 540 eis
930 495 1014 556 quae
1044 470 1180 553 speeiem
1204 465 1457 549 fragmentorum

284 586 401 657 oporte
424 602 505 664 pree
528 604 561 646 se
585 580 712 651 ferunt.
746 604 785 647 ea
815 605 899 665 quae
923 581 1115 647 sententiam
1138 577 1270 660 plenam
1295 577 1459 641 continere

282 686 456 759 ridentur.
488 693 660 757 maximam
693 700 822 773 partem
852 697 1004 775 suspecta
1026 688 1141 753 habeo.
1189 686 1275 750 Nam
1307 689 1459 770 quotiens

283 802 432 866 earmina
456 804 598 885 genuina
619 797 823 881 Theognidis
848 802 978 866 maioris
1002 799 1145 864 ambitus
1168 799 1250 879 lego,
1276 798 1461 878 monelegi'a

282 926 356 972 cum
381 912 449 977 illis
473 912 660 995 comparata
680 910 892 974 vehementer
915 910 1113 991 discrepant,
1136 914 1261 971 utnon
1284 907 1461 970 videantur

281 1017 323 1080 ah
355 1022 472 1086 eodem
502 1030 598 1105 poeta
627 1015 776 1098 profecta
808 1040 878 1082 esse
907 1039 1013 1101 posse.
1060 1018 1234 1101 Quomodo
1257 1024 1366 1083 autem
1390 1040 1460 1081 rem

281 1128 464 1196 iudicarem
490 1132 757 1213 molientemque,
784 1127 888 1209 elegia
912 1151 1045 1211 quaer.
1072 1132 1219 1193 173-78
1241 1129 1374 1208 legitur,
1397 1131 1460 1192 iter

279 1244 484 1305 monstravit.
529 1241 630 1305 Cuius
654 1233 778 1315 elegiae
801 1258 912 1303 versus
936 1245 995 1303 175
1019 1246 1052 1304 et
1076 1245 1137 1304 176
1159 1240 1220 1303 hac
1236 1239 1339 1302 ferma
1355 1244 1460 1304 testes

281 1354 408 1412 ueteres
432 1350 601 1415 exhibent:

430 1492 490 1579 χρή
514 1497 622 1578 ττενίην
644 1490 800 1578 φεύγοντα
822 1496 873 1558 καὶ
895 1493 927 1572 ἐς
949 1496 1261 1581 (recompensator

482 1602 611 1687 ῥιπτεῖν,
634 1603 686 1666 καὶ
707 1608 853 1685 πετρέων,
877 1609 987 1690 Κύρνε,
1010 1608 1076 1670 κατ’
1094 1603 1261 1691 ἠλιβάτων.

362 1762 431 1831 Vix
455 1765 590 1831 dubium
614 1787 684 1831 esse
706 1771 817 1848 potest
834 1771 912 1849 quin
933 1771 1032 1834 lectio
1049 1769 1217 1834 codicibus
1234 1769 1458 1850 Theognideis

278 1875 404 1941 tradita
427 1875 464 1962 ἣν
481 1877 519 1963 δή
543 1876 600 1963 χρή
625 1882 686 1941 etc.
710 1877 752 1940 ad
773 1886 907 1959 poetam
931 1883 1036 1963 ipsum
1061 1882 1184 1959 redeat,
1216 1882 1320 1945 altera
1352 1880 1458 1945 forma

278 1990 327 2053 ita
349 1994 423 2053 orta
447 1991 499 2069 sit,
532 1996 568 2053 ut
599 1988 734 2052 distichi
768 1991 857 2071 quod
885 2013 1044 2055 summam
1068 1993 1251 2057 sententiae
1275 1992 1458 2056 contineret

278 2120 317 2163 ex
341 2099 449 2181 elegia
472 2099 583 2176 evulsi,
607 2106 643 2163 ut
665 2121 724 2181 per
747 2120 781 2164 se
805 2106 894 2165 stare
917 2109 1030 2184 posset
1053 2109 1084 2166 et
1107 2096 1238 2184 plenam
1258 2103 1456 2166 sententiam

275 2207 462 2292 praeberet,
487 2211 616 2274 initium
640 2216 802 2274 mutatum
824 2213 874 2276 sit.
918 2213 1001 2277 Rem
1025 2220 1136 2276 antem
1158 2214 1206 2276 ita
1222 2214 1300 2276 mihi
1318 2212 1456 2294 explico.

276 2316 416 2384 Oonstat
447 2321 533 2386 inter
568 2342 679 2385 omnes
715 2327 834 2404 poetae
867 2322 1068 2405 Megarensis
1102 2323 1224 2403 elegias
1266 2329 1304 2386 ut
1339 2324 1456 2405 plenas

278 2431 459 2514 sapientiae
484 2440 516 2498 et
544 2433 668 2516 optima
688 2434 776 2497 vitae
805 2439 984 2516 praecepta
1008 2433 1212 2499 continentes
1238 2434 1325 2516 apud
1350 2434 1472 2497 Athe-¹

278 2543 410 2608 nienses
433 2545 467 2607 in
489 2566 613 2609 summo
638 2546 761 2609 honore
784 2543 894 2624 fuisse,
927 2544 1058 2608 easdem
1082 2546 1276 2626 praesertim
1307 2545 1339 2606 in
1370 2544 1456 2608 ludis

275 2653 318 2718 ad
346 2675 468 2736 pueros
498 2655 716 2721 instituendos
746 2654 921 2720 adhibitas.
967 2655 1025 2720 Ad
1055 2676 1150 2718 usum
1174 2661 1283 2718 autem
1314 2676 1454 2717 eonnno·

277 2765 402 2830 diorem
436 2787 567 2832 necesse
604 2772 653 2831 est
687 2766 873 2847 complures
908 2767 1050 2849 syllogas
1086 2767 1248 2828 breviores
1284 2787 1321 2827 ex
1356 2787 1453 2846 opere

275 2884 392 2960 poetae
414 2877 512 2959 pleno
537 2899 608 2941 esse
630 2877 831 2959 excerpendo
855 2877 1032 2955 coniectas,
1058 2900 1096 2941 ex
1119 2877 1238 2957 quihus
1257 2877 1455 2956 florilegium

275 2994 424 3054 nostrum
460 2987 636 3051 conflatum
676 2987 773 3051 hodie
808 2989 866 3051 viri
903 2990 988 3053 (lecti
1022 2988 1169 3052 erodunt.
1228 2989 1342 3067 Atque
1381 3008 1454 3049 eum

276 3122 378 3164 unum
394 3103 582 3180 excerptum
598 3099 739 3161 alterum
755 3100 877 3179 trahat,
902 3123 966 3164 non
985 3101 1144 3163 dissimile
1160 3100 1225 3163 reri
1244 3107 1293 3160 cst
1311 3098 1454 3179 syllogus

275 3211 435 3294 paulatim
466 3207 507 3272 ad
538 3229 697 3274 summam
727 3209 923 3275 brevitatem
947 3211 1118 3288 redactae,
1150 3211 1218 3273 scil.
1243 3231 1282 3271 ex
1316 3209 1453 3287 singulis

275 3321 390 3403 elegiis
412 3319 542 3405 singula
564 3320 683 3401 quibus
704 3321 880 3402 praecipue
903 3324 951 3384 vis
972 3322 1075 3384 totius
1095 3321 1247 3383 carminis
1272 3320 1453 3383 continere-

274 3436 331 3496 tur
353 3431 493 3497 disticha
515 3437 665 3496 extracta
688 3453 776 3510 esse,
810 3453 874 3512 quo
905 3432 1034 3495 facilius
1058 3439 1237 3513 praecepta
1260 3437 1454 3494 tenerentur

275 3550 309 3609 et
331 3544 432 3610 edisci
457 3548 601 3625 possent,
633 3549 845 3623 extractaque
873 3544 906 3604 in
936 3543 1096 3625 syllogam
1119 3542 1268 3608 collecta.
1314 3543 1390 3605 Hoc
1415 3564 1452 3607 eo

275 3654 408 3721 facilius
430 3653 502 3720 fieri
523 3660 655 3735 poterat
678 3654 765 3735 quod
790 3652 954 3735 Theognis
978 3653 1171 3735 plerumque
1195 3653 1228 3715 in
1252 3653 1315 3718 fine
1336 3660 1451 3735 penta·

274 3767 373 3832 metri
390 3766 586 3832 sententiam
608 3766 739 3847 gravius
763 3765 878 3828 incidit
901 3765 952 3828 vel
977 3765 1108 3828 omuino
1131 3763 1349 3842 concludit1).

281 3908 486 3916 ἡ*

361 3988 380 4057 ¹)
399 3988 443 4042 De
461 3986 687 4056 interpunctione
711 3989 775 4053 post
793 3985 932 4039 distichon
959 3986 993 4037 ct'.
1012 3983 1177 4051 Langenum
1204 3982 1238 4034 de
1257 3983 1377 4038 disticho
1398 3987 1452 4038 ele·

271 4074 351 4143 giaco
369 4092 396 4143 p.
416 4075 448 4128 15
466 4089 515 4142 sq„
538 4074 570 4127 ‘dl
588 4087 629 4137 sq.
649 4076 677 4124 et
695 4071 855 4126 Rennerum
887 4069 970 4126 Ueber
993 4069 1044 4123 das
1068 4065 1268 4122 Formclwesea
1291 4069 1331 4122 τ’ντ
1351 4072 1452 4138 erioch,

271 4156 622 4228 Eposete.(hips.1872)
647 4176 673 4226 p.
699 4159 739 4210 11.
776 4158 831 4213 Sed
857 4175 911 4212 non
935 4156 1055 4208 multum
1082 4152 1249 4206 discriminis
1275 4153 1452 4209 intercedere

271 4243 354 4298 video
381 4244 457 4299 inter
481 4248 578 4314 poetes
605 4242 777 4296 diversorum
807 4249 975 4313 temporum.
1018 4240 1135 4294 Prorsus
1163 4255 1310 4309 perperam
1335 4240 1453 4310 Langen
