3036 4844
597 265 858 331 .-31-

171 456 270 542 der',
299 455 524 546 ὀδυνηρότερον.
582 459 683 524 Addo
716 458 800 523 haec
828 458 948 522 idonea
978 478 1062 539 quae
1093 462 1339 539 comparentur:

171 568 255 654 Tyri.
287 573 337 650 10,
368 575 390 635 4
420 571 574 650 (πάντων)
605 569 667 635 ἔστ’
699 567 915 655 ἀνιηρότατον,
948 566 1078 635 Gallim.
1109 568 1209 651 epigr.
1239 570 1289 647 14,
1319 568 1341 628 4

169 680 298 746 Wilam.
320 683 414 767 χρῆμ’
437 677 651 766 οἷνιηρότερονς
682 679 877 745 (1100501100
905 685 934 761 2,
962 684 980 743 2
1011 686 1102 744 τοῦτο
1131 679 1339 756 δικαιότατον;

169 792 232 860 Sol.
256 795 306 872 12,
331 797 349 856 2
371 789 524 872 (πάντων)
545 790 609 856 ἐστὶ
631 792 824 877 ὁικαιοτάτη;
850 788 979 855 Gallim.
1005 796 1055 871 32,
1085 794 1107 854 4
1127 793 1209 856 τοῦτ’
1231 786 1340 871 ἀνερα-

167 903 319 984 οτότατον,
341 902 449 965 omnia
468 902 501 965 in
524 902 627 967 altero
650 903 721 967 colo
744 903 943 985 pentametri
955 904 989 987 ¹).
1035 900 1147 985 Quid?
1178 898 1342 965 extribus

169 1013 322 1097 exemplis
346 1033 432 1094 quae
455 1014 584 1078 nomine
608 1012 708 1096 Oyrni
732 1019 852 1078 ornata
874 1011 1059 1095 Theognidi
1081 1013 1144 1094 ipsi
1167 1007 1343 1076 tribuenda

168 1131 242 1190 sunt
270 1126 357 1204 (124,
390 1127 462 1202 812,
494 1127 580 1204 896),
615 1145 723 1189 00000
753 1130 892 1207 apparet
923 1125 952 1188 ei
985 1124 1041 1206 qui
1074 1131 1125 1189 ter
1156 1121 1258 1188 verbe
1285 1120 1343 1184 illa

167 1236 348 1315 iteraverit,
371 1235 470 1299 etiam
491 1241 644 1316 quartum
667 1234 824 1300 adhibere
852 1233 1008 1300 licuisse?
1040 1232 1114 1317 Quo
1142 1236 1212 1299 iure
1243 1232 1344 1315 igitur

168 1369 195 1412 v.
220 1349 304 1411 1356
327 1365 392 1409 000
416 1345 594 1410 abeodem
621 1352 722 1429 poeta
744 1346 910 1428 proficisci
937 1367 1034 1428 posse
1062 1346 1206 1410 affirmas
1230 1351 1263 1408 00
1284 1365 1343 1426 per

169 1457 341 1542 perediam
357 1456 480 1522 dictum
497 1458 591 1521 esse?
615 1455 711 1539 Quia,
735 1457 853 1538 inquio,
873 1477 1071 1540 quamquam
1093 1480 1152 1541 per
1170 1478 1205 1521 se
1224 1455 1346 1520 licebat

168 1574 326 1653 repetere,
351 1588 416 1647 non
440 1567 645 1631 0100000010
668 1573 700 1631 00
721 1568 813 1650 gravi
835 1575 1041 1650 repetuntur,
1066 1569 1123 1634 sed
1145 1569 1184 1634 de
1213 1590 1248 1634 re
1271 1567 1344 1632 1001.

170 1681 236 1748 Sed
254 1680 307 1745 hic
327 1684 405 1744 tuus
429 1699 521 1743 00000
543 1683 602 1757 000,
627 1679 774 1742 carmina
797 1700 943 1743 amorem
962 1680 1119 1762 puerilem
1144 1679 1346 1745 continentia

170 1814 221 1857 res
246 1791 385 1856 leviores
408 1795 440 1853 00
462 1790 609 1854 ludicras
628 1789 802 1871 appellare.
837 1790 874 1856 Si
897 1791 970 1872 quis
991 1792 1093 1854 oculis
1118 1798 1155 1855 00
1175 1789 1345 1853 itadicam

170 1902 338 1967 hominum
360 1903 578 1965 recentiorum
603 1923 671 1965 rem
690 1903 804 1980 cernit,
835 1903 966 1966 omnino
995 1902 1034 1965 de
1057 1907 1129 1965 0000
1152 1899 1345 1982 quaestione

169 2036 209 2079 ne
232 2013 355 2078 audeat
379 2014 537 2078 iudicare.
584 2012 681 2096 Quid,
714 2012 802 2095 quod
836 2012 1009 2077 formulam
1032 2011 1124 2075 illam
1148 2032 1213 2074 non
1241 2008 1346 2073 solum

169 2126 202 2188 in
231 2123 428 2189 collectione
454 2129 567 2187 nostra
597 2130 751 2205 corrupta
781 2123 996 2205 Theognidea
1029 2128 1159 2187 exstare
1189 2120 1346 2199 videmus,

171 2234 229 2300 sed
253 2235 351 2299 etiam
374 2233 462 2316 apud
493 2234 577 2299 alios
600 2240 717 2317 poetas
739 2234 923 2317 elegiacos?
952 2235 1003 2299 Εο
1026 2236 1131 2316 magis
1152 2234 1270 2316 opinor
1289 2231 1346 2295 ho-

171 2345 313 2409 minibus
336 2344 446 2410 ieiuna
462 2351 571 2408 mente
590 2345 811 2410 iudicantibus
829 2351 954 2411 certum
972 2347 1034 2410 erit
1048 2353 1181 2429 poetam
1198 2349 1348 2408 nostrum

170 2454 228 2518 illa
249 2475 315 2518 non
336 2476 376 2519 ex
398 2455 483 2520 libro
507 2481 527 2518 0
552 2455 781 2538 desumpsisse.

256 2564 394 2630 Maioris
416 2567 482 2630 iam
506 2568 663 2630 momenti
685 2567 813 2632 01010000
836 2588 907 2632 esse
928 2567 1134 2649 quodetiam
1157 2565 1218 2631 toti
1237 2584 1348 2627 versus

172 2681 376 2760 repetuntur.
421 2677 590 2760 Compara
611 2699 659 2742 00.
682 2679 795 2759 123718

326 2801 408 2868 ἀλλά
431 2806 528 2891 τλῆθι
549 2807 609 2893 νόῳ
629 2817 740 2870 συνιεῖν
763 2805 855 2883 ἔντος·
879 2804 917 2871 oi}
939 2827 987 2870 τοι
1010 2801 1125 2888 α’νοὶγκη

412 2915 504 2982 τοῦθ’
526 2916 635 2999 ἕρδειν,
659 2912 678 2982 ὅ
699 2940 729 2982 τι
752 2938 799 2981 σοι
820 2915 865 3003 μη
884 2914 1082 2995 καταθύμιον
1105 2902 1125 2997 ᾖ

171 3063 247 3105 cum
270 3064 317 3106 vv.
340 3045 453 3126 loculo

330 3160 495 3243 Δημῶναξ,
519 3159 567 3222 ool
587 3155 692 3222 πολλοὶ
712 3161 818 3241 φέρειν
838 3154 933 3238 βαρύ·
958 3149 1074 3239 οὐγὰρ
1097 3151 1206 3237 ἐπίστῃ

415 3274 506 3336 τοῦθ’
530 3267 637 3356 ἕρδειν,
663 3262 682 3332 ὅ
703 3291 732 3331 τι
755 3288 803 3330 οοι
823 3263 868 3351 μὴ
890 3254 1130 3348 καταθύμιονῇ

175 3412 208 3472 00
232 3404 346 3469 109516

316 3452 460 3578 Ι0000το0
479 3510 517 3597 ὃν)
540 3515 594 3573 νῦν
614 3506 717 3582 ἄλλον,
742 3505 812 3587 ἐμοί
833 3528 869 3590 γε
890 3505 947 3587 μὲν
969 3503 1055 3580 οὔτις
1076 3501 1193 3589 ἀνάγκη

414 3625 504 3686 τοῦθ’
525 3619 641 3707 ἕρδειν·
663 3624 723 3681 τῶν
746 3640 801 3698 μοι
824 3617 950 3699 πρόσθε
974 3613 1065 3700 χάριν
1086 3613 1240 3694 closum).

168 3752 338 3850 000-0100
361 3752 461 3815 etiam
482 3750 580 3814 haec:

159 3849 171 3865 Ι,
216 3960 219 3966 ¹
281 3883 343 3945 540
366 3911 408 3933 =
429 3883 492 3943 554
513 3877 542 3942 εἰ
563 3877 607 3963 μη
631 3874 707 3961 ἒμην
725 3870 850 3958 γνώμην
867 3869 1046 3948 ἐξαπατῶσι
1068 3871 1150 3947 θεοί,

428 3994 488 4054 128
511 3987 646 4053 πολλάκι
668 3985 729 4070 γάρ
750 3983 875 4068 γνώμην
898 3977 1073 4058 ἑξαττατιῦο1
1098 3975 1187 4040 ἰδέαι.

176 4114 326 4124 ——-—-—-
331 4112 382 4118 ——-

267 4162 289 4229 ¹)
307 4159 382 4214 Vide
400 4159 651 4228 Kuellenbergium
672 4176 699 4226 p.
716 4157 749 4208 51
769 4171 810 4222 sq.

267 4247 290 4316 ²)
308 4245 375 4301 Vid.
387 4262 441 4299 000
453 4245 503 4298 der
515 4244 637 4313 Meyium
649 4261 676 4312 p.
690 4243 731 4307 32,
744 4240 916 4295 Oorsennum
928 4251 954 4303 p.
968 4236 985 4287 5
998 4235 1026 4286 00
1038 4233 1080 4296 37,
1099 4229 1277 4286 Schoelerum
1290 4247 1317 4299 p.
1330 4233 1355 4286 4.
