3036 4844
648 298 870 360 ..35-

174 486 337 569 queritur,
368 486 526 570 quidquid
557 487 672 556 enixus
702 494 804 571 esset,
832 490 957 558 frustra
984 494 1130 560 laborem
1155 498 1187 559 et
1211 513 1345 576 operam

172 622 209 669 se
232 603 484 687 consumpsisse.
1298 602 1302 612 '

262 737 336 804 Scio
361 736 461 804 etiam
490 739 592 805 alium
620 740 739 823 prioris
768 741 969 808 collectionis
997 742 1105 809 locum
1130 745 1345 812 aWelckero

173 853 373 921 carminibus
397 854 567 923 amatoriis
592 857 740 923 additum
765 876 847 938 esse,
871 877 903 924 v.
928 862 1103 924 eso-962

380 1016 467 1079 Ἔοτε
491 1015 542 1099 μὲν
567 1017 651 1088 αὐτὸς
674 1018 765 1081 ἔπινον
789 1016 842 1078 ἀπὸ
865 1021 974 1103 κρηνης
998 1018 1184 1106 μελανύδρου,

382 1132 437 1217 ἡόό
461 1134 485 1194 τί
511 1155 555 1215 μοι
578 1133 675 1196 δόκεον
698 1133 745 1195 καί
767 1134 857 1197 καλὸν
881 1135 970 1216 ἔμμεν
995 1133 1070 1220 ὕδωρ

374 1253 432 1310 νῦν
455 1247 540 1333 λ’ἤόη
563 1249 734 1324 πεόολονται,
759 1248 834 1337 ὕδωρ
857 1251 1066 1335 όόίναμίσηεται
1088 1249 1154 1327 ibor,

383 1364 481 1448 ἄλλης
503 1365 539 1449 δὴ
563 1369 673 1452 κρήνης
694 1367 790 1448 πίομαι
813 1367 833 1450 ἢ
856 1372 983 1449 ποταμοῦ

170 1553 275 1615 neque
303 1533 432 1616 dubito,
461 1533 539 1616 quin
566 1534 599 1600 in
627 1533 692 1601 illis
716 1534 866 1602 versibus
890 1540 982 1622 κρήνη
1006 1536 1046 1601 de
1074 1537 1197 1619 puella,
1221 1541 1345 1620 ποταμός

169 1648 210 1715 de
237 1668 338 1731 puero
368 1649 572 1733 accipienda3
608 1651 636 1716 si
665 1649 795 1732 quidem
826 1655 971 1717 extremo
1007 1651 1114 1718 ultimi
1148 1653 1344 1735 pentametri

168 1765 240 1831 loco
264 1767 283 1849 η
308 1771 433 1848 ποταμοῦ
456 1770 545 1832 recte
569 1766 691 1849 legitur
713 1759 819 1848 neque
840 1787 914 1833 cum
934 1765 1087 1833 Hartelic
1111 1766 1144 1832 in
1160 1767 1344 1850 Analectis‚

169 1900 254 1962 quae
278 1881 395 1948 studiis
418 1881 727 1949 Vindobonensibns
756 1901 786 1949 a.
813 1888 897 1949 1879
921 1883 1046 1950 inserta
1074 1887 1164 1966 sunt,
1189 1883 1285 1968 ἄλλης
1307 1883 1343 1968 δὴ

170 2003 278 2084 κρηνης
312 1998 405 2080 πόμ’·
425 1997 580 2082 ἐπηετανοί)
619 2003 679 2064 aut
716 2018 791 2064 cum
828 1999 1082 2082 Peppmuellero
1121 1997 1166 2085 (p.
1196 1999 1230 2087 7)
1268 2001 1343 2083 πόμ’

171 2116 325 2201 despector
349 2113 557 2180 scribendum
581 2119 641 2180 est.
688 2115 814 2181 Tamen
837 2137 868 2182 v.
887 2120 1063 2181 949—954
1086 2117 1203 2182 Musae
1226 2114 1345 2197 puerili

170 2230 304 2297 attribui
343 2249 440 2312 posse
478 2229 664 2311 praebacte
699 2249 793 2313 nego.
853 2231 916 2296 Ille
952 2234 1077 2312 autem,
1113 2231 1169 2312 qui
1203 2230 1344 2312 primum

170 2346 331 2412 distichon
355 2346 496 2413 aliorum
520 2364 679 2430 compage
703 2346 812 2429 solvit,
838 2365 912 2413 cum
936 2344 1036 2413 s'ciret
1056 2345 1189 2429 saepius
1205 2365 1344 2430 puerum

170 2481 243 2528 oum
268 2463 422 2530 hinnuleo
447 2461 650 2545 comparari,
685 2463 851 2545 impurum
886 2467 984 2544 atque
1013 2464 1190 2530 obscenum
1214 2481 1344 2530 sensum

171 2578 322 2645 attribuit
345 2583 378 2644 et
400 2584 476 2661 post
498 2599 530 2644 ν.
558 2583 642 2644 1278
666 2578 809 2645 iteravit.

259 2728 387 2795 Eodem
411 2729 506 2795 modo
530 2750 561 2795 v.
589 2735 820 2811 1107-1108,
856 2730 911 2811 qui
935 2749 994 2795 suo
1018 2729 1089 2796 loco
1113 2749 1173 2812 per
1196 2748 1231 2795 se
1256 2734 1345 2795 stant

171 2849 204 2909 et
226 2848 344 2926 poetae
367 2845 535 2926 querelam
560 2845 733 2926 continent,
769 2845 802 2910 in
838 2845 1034 2910 amatorium
1063 2863 1194 2911 sensum
1223 2844 1344 2911 detorti

172 2964 257 3026 etv.
286 2966 505 3027 1311-1318
530 2959 573 3027 ad
596 2979 734 3042 puerum
759 2960 891 3044 scriptis
915 2959 1019 3026 additi
1043 2964 1128 3027 sunt.

377 3113 462 3197 Ὤμοι
487 3110 542 3198 ἐηὼ
565 3114 658 3186 δειλός
680 3115 727 3178 καί
749 3114 786 3200 δὴ
809 3119 983 3200 κατάχαρμα
1007 3110 1058 3194 μὲν
1082 3112 1205 3199 ἐχθροῖς,

382 3238 439 3301 τοῖς
461 3229 493 3292 δέ
517 3231 618 3316 φίλοισι
641 3234 724 3302 πόνος
746 3231 823 3293 ’δεινοί
845 3226 948 3291 παθὼν
971 3230 1101 3312 ηενόμην.

260 3409 363 3476 Cuius
387 3409 519 3477 distichi
542 3413 748 3490 pentameter
771 3407 880 3490 priore
904 3408 976 3475 loco
993 3408 1041 3474 sic
1057 3407 1221 3491 scribitur,
1245 3407 1279 3473 in
1294 3407 1342 3474 A:

384 3561 441 3623 τοῖς
463 3551 495 3615 δὲ
519 3553 610 3638 φίλοις
633 3553 647 3614 ό
670 3555 753 3623 πόνος
774 3551 856 3614 δειλοί
878 3549 980 3614 παθὼν
1003 3552 1143 3635 ηενοίμην,

170 3658 204 3724 in
227 3661 256 3728 Ο

383 3774 440 3837 τοῖς
462 3764 494 3830 δὲ
517 3767 619 3853 φίλοισι
641 3770 724 3836 πόνος
746 3764 827 3827 betici
849 3761 950 3827 παθὼν
974 3767 1106 3848 ηενόμην,

171 3905 207 3967 at
230 3906 305 3982 post
326 3921 358 3967 ν.
385 3907 470 3967 1318
494 3901 555 3968 sic:

384 4043 451 4098 τοῖσι
475 4035 566 4122 φίλοις
588 4032 620 4096 δὲ
643 4037 725 4103 πόνος
746 4032 824 4093 δεινοί
845 4028 946 4093 παθὼν
970 4034 1100 4115 ηενόμην.

259 4195 361 4261 Vides
384 4200 536 4263 neutrum
560 4193 704 4261 codicem
728 4209 843 4257 veram
871 4189 1026 4257 exhibere
1060 4190 1249 4272 lectionem,
1285 4188 1343 4258 sed

171 4311 262 4393 prius
286 4310 408 4378 codicis
424 4311 457 4378 A
472 4311 589 4378 vitium
610 4308 745 4376 alterius
766 4306 951 4375 testimonio
968 4309 1135 4375 sublatum
1152 4312 1211 4375 est.
1248 4308 1343 4392 Quod

171 4448 250 4494 vero
274 4428 439 4495 Henrious
461 4427 589 4494 Jordan
618 4426 661 4512 (p.
689 4427 743 4512 10)
771 4428 946 4510 utrumque
974 4424 1120 4493 codicem
1147 4424 1229 4487 δειλοὶ
1255 4429 1344 4492 recte

1095 4530 1130 4588 3*
