3036 4844
651 291 860 352 ..38-

168 483 316 567 reptione
347 482 461 550 attica'
484 484 718 568 (Argentorati
741 487 838 562 1876)
853 484 888 566 1).
935 482 1087 566 Scriptor
1108 482 1212 567 igitur
1235 486 1353 547 noster

171 593 393 660 duodetricies
421 595 568 660 vocalem
598 601 675 660 ante
707 600 831 660 mutam
862 616 936 660 cum
965 594 1094 679 liquida
1115 595 1250 677 longam
1272 593 1350 658 reti·

169 688 241 771 nuit
252 709 286 785 1).
332 706 442 773 Semel
472 706 505 770 in
534 705 644 772 media
679 726 758 772 voce
786 706 934 772 vocalem
961 706 1136 789 corripuit:
1166 701 1351 790 Ἀφροδίτης

172 820 264 881 1993.
312 815 409 899 Quod
433 816 566 900 quidem
588 823 764 883 excusatur
786 818 927 902 primum
949 838 1005 896 eo,
1037 816 1126 899 quod
1148 822 1200 882 est
1229 836 1350 882 nomen

168 928 356 1011 proprium,
380 929 515 993 nomina
535 934 656 1010 autem,
688 950 762 995 cum
785 929 881 994 aliter
903 948 1000 1011 saepe
1023 949 1043 992 a
1066 933 1171 993 metro
1192 925 1351 991 abhorre·

168 1044 252 1119 rent,
273 1039 396 1106 maiore
424 1038 559 1105 licentia
581 1037 744 1105 fruuntur.
788 1039 920 1105 Deinde
943 1037 1193 1103 consonantium
1219 1056 1351 1119 compo·

169 1150 306 1214 sitiones
328 1170 467 1233 quarum
490 1151 595 1214 altera
614 1156 665 1214 est
680 1175 708 1234 ρ,
731 1150 872 1216 maxime
893 1151 965 1214 iure
981 1148 1181 1231 corripiendi
1200 1151 1350 1212 utuntur.

170 1260 244 1324 Hae
274 1258 409 1324 fuerunt
438 1280 556 1324 causae
590 1281 649 1325 cur
680 1260 849 1327 Homerus
881 1281 999 1326 nomen
1025 1259 1110 1324 illud
1144 1279 1210 1323 non
1249 1257 1349 1322 aliter

169 1371 233 1434 nisi
253 1392 408 1435 mensura
430 1403 559 1424 w--
586 1371 783 1437 adhibuerit.
828 1372 885 1437 Ab
908 1373 971 1437 hoc
990 1371 1113 1454 posteri
1136 1369 1350 1452 (praesertim

172 1480 317 1564 epitheto
341 1486 437 1566 χρυσῆ
468 1480 599 1566 addito)
629 1489 841 1566 sumpserunt
865 1490 1025 1566 tanquam
1053 1481 1245 1561 formulam,
1275 1500 1349 1545 cum

171 1590 285 1656 eodem
308 1613 420 1657 versus
441 1592 527 1672 loco,
558 1593 628 1660 scil.
652 1595 686 1657 in
708 1593 773 1659 fine
796 1593 1030 1677 hexametrib,
1061 1593 1242 1674 eademque
1264 1609 1350 1654 men-

171 1723 249 1766 sura
271 1701 465 1782 adhibeant,
486 1710 523 1767 ut
540 1702 651 1771 Mimn.
668 1708 696 1783 l,
718 1709 747 1787 1,
767 1704 892 1769 Anacr.
909 1706 960 1785 94,
982 1707 1010 1785 3,
1035 1703 1161 1770 Simon.
1184 1698 1223 1766 O.
1240 1704 1313 1782 137,
1331 1704 1350 1763 3

171 1819 204 1877 et
229 1816 300 1893 161,
319 1818 348 1893 3,
370 1813 469 1878 Plato
492 1817 543 1893 31,
562 1814 631 1900 41).
664 1815 803 1881 Praeter
819 1816 882 1880 hoc
905 1820 1015 1880 autem
1038 1835 1157 1878 nomen
1180 1832 1349 1894 nunquam

170 1930 271 2006 poeta
293 1932 405 1989 noster
428 1925 462 1988 in
485 1945 565 1989 voce
584 1925 725 2009 simplici
748 1927 909 2010 syllabam
927 1926 1059 1991 brevem
1076 1923 1217 2004 admisit,
1240 1942 1349 2004 neque

169 2036 204 2098 in
221 2041 408 2118 augmento,
427 2034 691 2118 reduplicatione
708 2037 808 2119 verbi,
832 2062 853 2101 α
867 2036 1036 2121 privative,
1060 2055 1138 2100 voce
1155 2033 1349 2116 composita.

170 2145 229 2210 Bis
262 2145 379 2210 deinde
409 2146 558 2210 vocalem
585 2148 676 2212 vocis
705 2147 837 2214 finalem
865 2147 1026 2230 corripuit
1055 2148 1153 2230 (1999
1183 2149 1217 2210 et
1240 2144 1351 2226 1377),

171 2256 228 2318 ubi
251 2257 330 2320 item
353 2280 371 2341 ρ
392 2256 521 2339 liquida
544 2263 602 2323 ast.
647 2257 760 2323 Etiam
783 2258 854 2322 'hoc
877 2279 952 2322 cum
973 2256 1123 2323 Homero
1136 2258 1159 2336 1)
1189 2263 1222 2321 et
1243 2256 1349 2338 poetis

171 2365 324 2447 elegiacis
350 2368 378 2431 si
401 2388 467 2432 non
491 2368 731 2451 antiquissimis
759 2405 799 2416 —
823 2367 983 2450 Gallicus,
1007 2367 1241 2447 Archilochus,
1267 2365 1349 2450 'llyr-

169 2482 265 2541 taeus
284 2476 346 2542 hac
364 2480 570 2561 correptione
594 2501 628 2544 se
657 2479 888 2544 abstinuerunt
913 2517 951 2524 —
975 2485 1010 2543 at
1029 2485 1139 2544 tamen
1161 2481 1243 2544 satis
1265 2478 1349 2543 anti·

261 2706 282 2774 ¹)
301 2705 414 2761 Sitzleri
432 2709 606 2775 quaestiones
624 2709 735 2778 (Jahrb.
751 2709 775 2776 f.
793 2708 874 2764 llaec.
892 2708 966 2767 Phil.
986 2710 1053 2762 1889
1071 2727 1097 2778 p.
1116 2708 1263 2774 616-618,
1286 2708 1351 2763 Sto·

172 2790 235 2845 dieu
264 2808 328 2846 aum
356 2793 484 2863 Elepiler
515 2794 662 2864 Theognis,
692 2794 860 2863 Progromm
889 2812 913 2849 o.
943 2792 1243 2861 Touborbieolrofebeim
1274 2795 1351 2858 1886,

170 2895 198 2947 p.
216 2879 296 2944 3-7)
314 2895 376 2932 mea
393 2879 506 2949 quidem
524 2880 664 2934 sententia
681 2880 764 2934 laude
781 2880 872 2932 minus
890 2879 991 2949 dignae
1009 2881 1081 2932 sunt.
1116 2878 1170 2933 llle
1188 2880 1262 2932 enim
1275 2879 1349 2933 Har·

172 2963 233 3017 telii
257 2963 481 3018 observationem
506 2967 645 3034 quandam
670 2970 793 3030 secutus,
819 2966 920 3035 quibus
947 2967 976 3020 in
1001 2957 1120 3035 pedibus
1144 2965 1284 3033 correptio
1302 2965 1351 3018 ad·

170 3049 255 3102 missa
272 3054 344 3104 esset
360 3053 506 3122 permagni
524 3053 657 3106 interesse
675 3053 745 3107 falso
763 3053 882 3120 putavit.
918 3052 980 3119 Qua
997 3050 1106 3104 ratione
1123 3053 1187 3103 cuni
1204 3050 1351 3105 materiam

172 3134 349 3203 disposuerit,
367 3154 426 3190 rem
444 3138 532 3207 magis
551 3139 679 3192 confudit
697 3155 780 3208 quam
797 3137 957 3191 illustravit.
976 3168 1009 3176 -
1027 3136 1085 3191 Nos
1098 3134 1212 3202 quidem
1225 3135 1351 3205 exempla

171 3224 266 3273 mutae
285 3238 306 3273 c.
326 3221 344 3276 l.
363 3224 437 3292 apud
456 3224 607 3292 elegiarum
626 3224 777 3293 scriptores
795 3223 936 3277 exstantia
960 3221 1052 3274 omnia
1071 3221 1100 3273 in
1119 3224 1245 3274 nostrum
1269 3239 1349 3277 usum

173 3302 264 3357 denuo
282 3304 454 3374 collegimus,
473 3308 546 3361 unde
565 3325 648 3377 supra
666 3308 814 3362 hausimus.

259 3389 282 3456 1)
301 3391 376 3455 1931,
401 3393 475 3453 1939,
501 3394 574 3456 1960,
599 3395 674 3458 1977,
701 3395 775 3454 1991,
795 3395 869 3458 1999,
889 3394 1058 3459 13091304,
1085 3395 1159 3458 1307,
1179 3395 1350 3459 1308,1390,

173 3473 343 3539 13931396,
364 3476 438 3540 1339,
458 3477 532 3537 1361,
552 3479 627 3542 1369,
647 3479 816 3544 13891383,
836 3480 911 3544 1386,
930 3481 1004 3533 1386.
1023 3511 1056 3517 -
1075 3480 1150 3544 1967,
1175 3480 1250 3543 1313,
1275 3480 1350 3544 1341,

175 3559 248 3612 1386,
267 3587 300 3598 —-
319 3560 394 3623 1937,
414 3561 489 3626 1986,
509 3563 584 3627 1340,
604 3564 677 3617 1360.

260 3643 282 3711 1)
302 3643 441 3698 Homerus
459 3662 560 3699 nomen
569 3645 688 3701 Veneris
705 3649 746 3702 ibi
764 3649 806 3702 bis
824 3653 852 3703 et
870 3650 1034 3721 quadragies
1052 3651 1143 3704 habet.

259 3729 283 3796 ⁴)
302 3730 344 3784 cf.
362 3729 478 3785 Renner
494 3730 694 3787 Formelwesen
711 3752 738 3803 p.
755 3737 789 3788 46
807 3753 833 3789 n.
855 3738 895 3789 11.

260 3814 283 3882 1)
302 3814 345 3868 De
363 3815 505 3870 homerico
523 3835 573 3871 usu
586 3822 679 3871 mutae
692 3835 715 3873 c.
728 3819 746 3872 l.
759 3826 888 3888 egerunt:
907 3821 1019 3875 Bekker
1031 3820 1197 3875 homeriecbc
1210 3819 1349 3875 Bructeri

173 3915 200 3966 p.
222 3901 336 3967 34-373
357 3901 487 3970 Spitzner
505 3903 540 3956 de
558 3919 639 3956 versu
657 3903 829 3960 Graecorum
841 3907 955 3960 heroico
974 3906 1063 3975 (Lips.
1084 3908 1162 3974 1816)
1175 3925 1202 3976 p.
1214 3907 1348 3973 88-1053

173 3982 216 4036 La
233 3984 329 4040 Roche
351 3987 452 4042 homer.
482 3988 727 4060 Uotcreoohangen
747 3991 837 4060 (Lips.
863 3993 941 4060 1869)
959 4009 987 4060 p.
1013 3993 1109 4056 1-49;
1134 3991 1238 4046 Hartel
1261 3992 1352 4047 bome-

172 4069 262 4125 rische
281 4072 399 4128 Studien
417 4072 451 4127 Ι1
469 4073 608 4141 (Berolini
629 4076 706 4143 1873)
732 4096 760 4146 p.
784 4079 901 4144 80—893
928 4075 1037 4130 Usener
1062 4077 1204 4147 altprieeh.
1230 4077 1351 4133 Verebar

174 4173 200 4224 p.
219 4158 337 4222 91-97;
373 4159 516 4214 Rossbach
539 4178 564 4212 u.
590 4159 736 4229 Westphal
766 4161 880 4216 Thoaris
909 4161 957 4216 der
982 4162 1138 4217 mardocheo
1163 4162 1273 4218 Krinste
1303 4163 1351 4217 der

174 4240 327 4297 Helvetum
344 4243 393 4297 111
412 4246 425 4298 1
444 4263 471 4314 p.
491 4246 540 4298 103
558 4263 616 4315 sqq.
