3036 4844
692 223 882 284 ..2-

201 415 339 479 arbitrio
363 413 531 496 liberoque
551 412 676 478 iudicio
700 420 840 479 utuntur
860 437 956 496 quam
976 415 1076 479 certis
1100 421 1218 480 causis.
1268 416 1378 500 Quam

201 525 352 608 equidem
375 525 587 590 solemnium
608 522 651 588 ad
675 525 902 606 quaestionem
918 525 958 589 de
976 525 1166 590 auctoribus
1187 526 1377 609 disceptan-

201 636 277 700 dam
303 636 455 701 idoneam
477 633 585 721 puto',
616 642 666 698 est
692 633 880 700 observatio
911 657 1021 700 rerum
1048 644 1086 702 ut
1115 638 1164 702 ita
1191 636 1297 701 dicam
1321 659 1377 702 ex·

200 747 373 826 teriorum,
405 745 606 818 elocutionis
622 750 656 808 et
677 747 758 808 artis
784 747 948 813 metricae.
989 747 1139 812 Fuerunt
1164 750 1230 812 iam
1253 747 1310 828 qui
1334 747 1377 813 de

199 858 296 922 rebus
312 856 508 941 quibusdam
526 856 671 921 metricis
693 878 766 920 cum
787 856 875 940 apud
890 865 1017 923 ceteros
1034 857 1283 941 elegiographos
1306 862 1379 922 tum

200 969 288 1053 apud
321 967 546 1049 Theognidem
576 967 814 1048 quaesiverint,
842 968 887 1033 A.
910 968 1046 1050 Langen
1077 970 1109 1031 in
1139 968 1267 1033 dissert.
1298 989 1330 1049 q.
1354 973 1376 1032 i.

201 1082 251 1146 De
275 1080 415 1144 disticho
439 1077 644 1144 Graecorum
668 1077 813 1160 elegiaco
836 1078 990 1161 (Vratisl.
1009 1083 1104 1158 1868)
1135 1085 1168 1144 et
1190 1078 1227 1145 0.
1247 1063 1379 1144 Goebel

199 1194 232 1256 in
256 1191 370 1256 libello
393 1186 516 1254 suo'de
540 1189 749 1271 correptione
777 1191 880 1253 attica
903 1190 1134 1272 (Argentorati
1155 1193 1261 1272 1876).
1309 1187 1377 1272 Qui

200 1310 311 1367 tamen
341 1321 413 1365 cum
443 1300 588 1381 genuine
618 1305 652 1363 et
674 1319 760 1382 quae
791 1301 904 1382 spuria
934 1321 1004 1365 esse
1032 1307 1173 1383 possunt
1202 1321 1266 1364 non
1295 1302 1377 1365 satis

190 1411 430 1475 discrevissent
449 1410 482 1472 in
499 1408 782 1491 disputationibus
800 1417 944 1474 ceterum
964 1413 1094 1494 egregie
1115 1411 1286 1490 institutis,
1309 1431 1378 1476 non

200 1523 234 1585 id
265 1520 444 1586 effecerunt
474 1519 562 1603 quod
590 1519 677 1583 effici
706 1525 837 1602 poterat
868 1542 974 1602 neque
1012 1522 1089 1586 inde
1121 1522 1205 1586 adeo
1239 1514 1401 1601 magnus

200 1632 327 1697 fructus
352 1637 469 1713 captus
493 1636 544 1695 est
576 1631 618 1694 ad
647 1632 873 1714 quaestionem
904 1631 944 1695 de
974 1633 1126 1716 partibus
1160 1631 1311 1714 genuinis
1344 1637 1379 1695 et

200 1740 317 1805 alienis
348 1741 576 1806 dirimendam.
632 1740 739 1806 Nobis
772 1743 873 1826 igitur
911 1744 1120 1825 propositum
1154 1748 1205 1807 est
1235 1742 1378 1824 primum

200 1852 291 1934 quali
319 1853 531 1918 fundamento
560 1853 603 1916 ad
636 1874 762 1917 omnem
793 1855 953 1918 eiusmodi
982 1855 1207 1935 quaestionem
1231 1852 1379 1933 opussit

200 1963 329 2043 docere,
354 1964 479 2029 scilicet
500 1984 672 2029 numerum
697 1985 796 2046 quam
818 1964 985 2027 minimum
1008 1986 1161 2029 versuum
1185 1961 1376 2027 definiemus

200 2096 281 2157 quos
301 2076 458 2156 genuinos
482 2097 553 2139 esse
575 2075 642 2138 sere
666 2094 778 2137 omnes
800 2074 861 2136 viri
883 2075 971 2138 docti
993 2075 1218 2154 consentiunt,
1250 2093 1316 2154 qua
1338 2093 1379 2136 ex

200 2190 294 2267 purte
316 2185 482 2267 profectos
506 2186 539 2248 in
560 2183 753 2268 quaestione
775 2184 847 2266 ipsa
866 2190 979 2265 partes
999 2185 1109 2248 variae
1131 2184 1210 2248 fidei
1230 2202 1378 2247 seorsum

200 2301 343 2358 tractare
367 2302 535 2377 oporteat3
566 2292 684 2358 deiude
706 2295 770 2374 ipsi
793 2314 925 2376 quoque
949 2297 1113 2376 specimen
1138 2291 1377 2358 dissertationis

203 2407 357 2470 metricae
379 2405 622 2488 praebebimus,
647 2425 720 2466 cum
743 2403 783 2468 de
803 2404 907 2468 vocali
926 2405 1027 2487 longa
1049 2405 1082 2468 in
1105 2405 1169 2468 fine
1190 2406 1279 2468 vocis
1299 2406 1376 2466 ante

200 2516 345 2580 vocalem
365 2523 558 2599 sequentem
578 2518 734 2597 correpta
757 2535 901 2597 agemus.

694 3133 828 3236 Caput
860 3133 891 3212 1.

286 3328 565 3394 Proficiscendum
590 3334 641 3393 est
663 3329 757 3393 nobis
779 3349 799 3392 a
823 3328 970 3392 versibus
993 3328 1059 3393 illis
1084 3333 1221 3410 19-26,
1241 3329 1281 3393 de
1304 3329 1375 3413 qui·

200 3439 260 3503 bus
284 3461 520 3524 saepenumero
544 3438 747 3521 disputatum
779 3443 829 3502 est
851 3459 871 3502 a
894 3439 972 3502 viris
1003 3438 1108 3503 doctis
1131 3440 1164 3502 iu
1193 3440 1375 3504 sententias

201 3550 345 3616 diversas
366 3551 565 3616 abeuntibus
577 3551 611 3629 1).
657 3549 722 3633 Qui
745 3570 858 3614 versus
882 3556 972 3614 statu
998 3571 1102 3633 paene
1125 3551 1255 3632 integro
1279 3549 1376 3614 nobis

288 3775 309 3844 ¹)
328 3774 460 3828 Welcker
478 3770 647 3840 Theognidis
664 3771 799 3839 reliquiae
817 3789 844 3840 p.
858 3772 920 3839 121;
939 3769 1135 3824 Schneidewin
1150 3769 1284 3822 Delectus
1302 3773 1376 3837 poet.

200 3861 269 3928 eleg.
288 3876 380 3929 graec.
398 3878 424 3928 p.
437 3861 485 3927 57;
503 3857 636 3926 Hartung
651 3857 761 3912 Griecb.
772 3856 899 3926 Elepiher
910 3875 937 3926 p.
947 3858 981 3909 20
993 3857 1022 3908 et
1033 3854 1099 3919 25&
1130 3852 1257 3906 Leutsch
1274 3853 1375 3905 Philol.

198 3943 300 3998 XXIX
318 3964 345 4014 p.
357 3942 408 3998 50⁷
421 3961 493 4013 sqq.;
512 3943 613 3997 Sitzler
630 3943 799 4013 Theognidis
816 3940 950 4007 reliquiae
967 3956 995 4006 p.
1008 3938 1042 3991 25
1054 3953 1134 4004 sqq.;
1164 3936 1259 3989 Hiller
1277 3936 1373 3990 Jahrb.

197 4030 219 4096 f.
239 4031 319 4084 hines.
332 4030 404 4085 Pnn.
420 4032 484 4083 1881
504 4048 531 4098 p.
543 4032 608 4097 4723
627 4029 714 4082 Flach
736 4028 830 4083 Gescb.
843 4025 892 4079 der
901 4024 1001 4093 priccb.
1015 4022 1106 4092 Lyrik
1118 4041 1146 4092 p.
1156 4025 1224 4089 4003
1242 4021 1376 4075 Immisch

200 4115 353 4183 Xenophon
375 4115 442 4170 dher
467 4115 601 4185 Theognis
630 4114 689 4168 nnd
713 4112 765 4167 dns
787 4110 916 4166 Problem
945 4108 992 4164 des
1015 4107 1112 4174 Adcls,
1139 4109 1168 4161 in
1197 4096 1375 4191 commentat}

199 4200 336 4254 Ribbeck.
356 4200 444 4270 (Lips.
458 4202 538 4268 1888)
554 4218 581 4270 p.
593 4202 628 4253 94
639 4215 715 4266 sqq.;
735 4196 848 4250 Orusius
867 4194 938 4249 Mus.
956 4194 1046 4249 Rhen.
1067 4195 1133 4247 1888
1151 4212 1178 4264 p.
1192 4194 1323 4248 uae-25.
