3030 4846
644 244 915 305 -28-,

166 432 257 497 locos
275 431 460 501 Hesiodeos
484 437 643 518 expressit
663 442 696 501 et
714 436 869 504 Solonem
889 436 1039 502 imitatus
1061 444 1123 518 est,
1145 437 1248 504 Solon
1264 437 1348 524 'l'yr-

166 550 275 609 taeum
289 546 325 628 ¹).
361 544 436 611 'Sed
459 550 535 610 utut
556 568 608 611 res
629 568 664 612 se
687 547 798 624 hahet,
821 546 954 613 minime
975 547 1116 630 parodia
1139 555 1200 614 est.

254 654 302 720 Ut
332 656 385 720 hio
412 655 557 739 paullum
589 657 820 739 subsistamus,
851 679 915 740 quo
939 656 1062 721 diutius
1093 663 1128 723 et
1156 660 1348 727 accuratius

168 786 236 831 rem
267 765 432 847 delibero,
464 788 501 831 eo
529 769 635 850 magis
667 768 871 833 adversarios
906 789 1017 834 errare
1050 770 1130 834 mihi
1160 771 1346 854 persuadeo

169 879 435 960 argumentisque
455 879 504 941 uti
527 877 645 960 quibus
669 878 750 943 nihil
773 879 1024 945 demonstretur.
1068 879 1144 946 Hoc
1166 881 1348 966 praecipue

168 987 257 1052 valet
275 987 314 1052 de
338 987 488 1053 formulis
511 989 611 1070 epicis
635 995 668 1054 et
688 988 855 1072 elegiacis.
901 989 991 1056 Satis
1013 995 1129 1055 notum
1152 996 1202 1056 est
1224 991 1347 1076 elegio·

170 1099 314 1182 graphos
334 1099 368 1162 iu
390 1099 588 1164 carminibus
609 1100 843 1183 componendis
858 1101 982 1184 passim
998 1103 1108 1184 epicos
1125 1102 1218 1184 sequi
1234 1103 1348 1186 eisque

171 1229 256 1292 quae
284 1209 316 1272 in
340 1210 433 1291 poesi
463 1209 556 1292 epica
584 1231 644 1292 per
668 1216 719 1275 tot
747 1212 881 1276 saecula
903 1218 1082 1295 usurpatae
1108 1233 1214 1296 paene
1243 1212 1347 1278 obdu·

170 1325 306 1385 ruerunt
327 1319 476 1383 formulis
499 1320 557 1400 uti,
575 1320 752 1402 praecipue
774 1322 806 1384 in
826 1321 1026 1388 hexametro.
1071 1323 1214 1407 Egregie
1236 1330 1348 1390 autern

171 1429 211 1495 de
233 1450 381 1494 sermone
404 1430 496 1512 epico
520 1430 743 1513 exemplisque
759 1433 827 1496 eius
845 1432 934 1515 apud
952 1432 1201 1518 elegiographos
1219 1440 1349 1500 exstano

171 1541 261 1606 tibus
291 1540 358 1621 egit
385 1540 518 1605 Reuner
546 1540 630 1606 lihro
659 1563 759 1624 supra
786 1551 1040 1608 commemorato
1072 1549 1115 1627 (ρ.
1137 1548 1178 1609 96
1198 1544 1276 1611 adn.
1299 1549 1345 1626 2);

172 1657 345 1735 praeterea
382 1672 450 1716 rem
482 1651 566 1717 hene
600 1653 754 1717 tractavit
783 1652 1010 1737 Kuellenberg
1037 1655 1071 1719 in
1102 1655 1233 1721 dissert.
1264 1678 1296 1739 q.
1327 1658 1347 1720 i.

172 1759 224 1828 ‘de
243 1762 427 1827 imitatione
450 1760 673 1844 Theognidea'
696 1765 925 1845 (Argentorati
950 1768 1055 1845 1877).
1092 1765 1223 1832 Deinde
1239 1747 1350 1832 obser·

173 1897 249 1942 vare
279 1875 366 1956 licet,
392 1895 499 1957 neque
522 1895 721 1956 quemquam
743 1875 798 1958 qui
827 1877 918 1959 poesi
947 1876 1112 1959 elegiacae
1135 1897 1272 1959 operam
1295 1877 1348 1942 de·

175 1987 261 2052 derit
288 1988 349 2051 hoc
379 1984 528 2067 effugisse
552 1986 683 2066 opinor,
707 1986 795 2069 apud
817 1993 934 2070 poetas
956 1987 1119 2069 elegiacos
1146 1987 1227 2052 item
1250 1992 1351 2070 atque

175 2098 263 2182 apud
297 2097 406 2181 epicos
443 2093 603 2178 paulatim
644 2102 769 2159 certum
805 2117 900 2161 usum
938 2097 1085 2179 dicendi,
1121 2097 1349 2177 elocutionem,

175 2209 367 2275 electionem
396 2205 569 2270 verborum
598 2209 632 2269 et
661 2205 929 2289 collocationem,
959 2209 1153 2291 praesertim
1181 2208 1216 2271 in
1237 2213 1350 2290 penta·
1414 2219 1417 2224 ’

175 2325 280 2384 metro
313 2324 352 2382 ut
383 2322 503 2380 natura
538 2314 682 2396 ferebat,
720 2321 793 2380 orta
826 2338 896 2383 esse
930 2340 1015 2401 quae
1046 2319 1132 2384 alter
1166 2316 1209 2383 ab
1245 2316 1350 2381 altero

175 2430 366 2512 susceperit.
413 2427 487 2492 Hac
510 2427 549 2491 de
571 2447 607 2490 re
631 2426 735 2492 multa
755 2428 851 2494 utilia
877 2430 986 2495 attulit
1007 2428 1096 2493 idem
1115 2426 1352 2510 Kuellenberg,

175 2541 352 2626 praecipue
373 2562 404 2622 p.
427 2542 468 2602 49
491 2561 562 2623 sqq.
608 2539 702 2624 Quae
725 2560 800 2604 cum
821 2540 869 2604 ita
885 2541 960 2622 sint,
983 2540 1011 2604 si
1030 2540 1064 2602 in
1080 2538 1262 2622 appendice
1281 2560 1352 2622 per-

142 2674 145 2681 ’
177 2673 313 2733 magnus
342 2651 506 2715 invenitur
531 2672 685 2716 numerus
712 2650 860 2715 locorum
883 2657 916 2714 et
937 2650 1153 2715 formularum
1176 2669 1261 2733 quae
1290 2651 1354 2716 etsi

178 2763 278 2828 etiam
306 2762 339 2825 in
363 2762 557 2829 collectione
579 2770 694 2828 nostra
713 2763 838 2827 maiore
862 2761 1039 2826 monstrari
1065 2770 1214 2844 possunt,
1242 2767 1353 2826 tamen

178 2874 373 2940 creberrime
396 2876 496 2940 etiam
513 2875 668 2959 leguntur
686 2873 774 2958 apud
797 2872 981 2938 Homerum
1004 2879 1036 2937 et
1059 2872 1179 2956 epicos,
1198 2869 1353 2936 Mimner-

178 3007 277 3067 mum,
300 2984 471 3070 Solonem,
507 2987 589 3053 alios
620 2986 799 3068 elegiarum
828 2986 1014 3068 scriptores,
1045 2981 1181 3048 dubium
1207 3003 1273 3047 non
1304 2989 1354 3048 est

179 3097 257 3180 quin
287 3096 338 3160 his
364 3096 444 3162 locis
474 3098 691 3164 demonstrari
724 3117 789 3161 non
822 3097 928 3180 possit
961 3097 1130 3160 auctorem
1162 3092 1355 3177 appendicis

178 3207 299 3272 librum
329 3209 471 3290 primum
494 3208 696 3290 Theognidis
726 3206 833 3291 qualis
863 3226 950 3270 nunc
981 3210 1105 3286 exstat,
1137 3211 1214 3269 ante
1239 3203 1354 3269 oculos

178 3317 332 3383 habuisse
363 3316 494 3396 debere.
544 3319 660 3400 Atque
689 3319 751 3383 hoc
775 3317 913 3381 maxime
943 3313 1114 3381 Oorsenno
1142 3315 1221 3380 ritio
1251 3315 1354 3379 tribu·

179 3429 309 3511 endum,
333 3428 390 3510 qui
412 3448 486 3492 cum
508 3428 662 3511 inprime
680 3434 774 3511 parte
803 3427 1042 3492 dissertationis
1066 3447 1145 3493 suae
1167 3433 1211 3510 (p.
1234 3428 1354 3506 4-24)

180 3545 313 3625 praeter
336 3559 374 3603 ea
395 3560 480 3621 quae
497 3538 652 3604 Rennero
676 3545 709 3605 et
731 3537 990 3622 Kuellenbergio
1014 3538 1114 3604 debet
1132 3539 1203 3622 ipse
1225 3557 1356 3620 quoque

181 3651 286 3715 multa
308 3650 375 3715 alia
395 3649 515 3714 similia
536 3650 586 3714 rel
611 3650 826 3732 congruentia
848 3670 966 3732 magna
986 3649 1153 3714 industria
1176 3647 1355 3730 collegerit,

182 3782 379 3847 quamquam
412 3767 546 3826 excusat
578 3782 643 3826 non
677 3761 786 3826 omnia
823 3781 907 3844 quae
948 3760 1150 3843 congesserit
1183 3758 1357 3842 plagiatori

183 3872 332 3956 exemplo
350 3871 451 3938 fuisse
473 3893 545 3938 sese
563 3872 707 3952 credere,
725 3877 836 3936 tamen
856 3871 939 3937 locis
960 3869 1107 3936 collectis
1121 3870 1163 3934 ad
1179 3868 1270 3934 illam
1287 3889 1358 3933 renr

181 3990 305 4050 utatur.

183 4104 385 4112 —..—-—-—

272 4141 293 4207 ¹)
312 4137 353 4193 Ut
374 4138 500 4208 Theogn.
526 4138 591 4190 1197
616 4152 674 4205 sqq.
699 4160 731 4182 =
755 4131 1307 4204 Hes.0p.448sqq.;Theog.133-42
1327 4158 1357 4179 =

184 4223 240 4278 Sol.
260 4225 301 4290 13,
319 4225 353 4277 65
371 4240 443 4294 sqq.;
463 4223 567 4292 Theog.
585 4223 696 4287 39-42,
713 4223 749 4275 13
765 4237 825 4288 sqq.
844 4244 877 4264 =
896 4219 952 4274 Sol.
971 4223 995 4285 4,
1016 4220 1106 4274 1-11.
