3036 4844
642 250 687 277 ,-.
730 217 855 289 11³5-⁴

159 403 237 467 inde
251 426 270 468 a
285 426 314 466 v.
332 409 393 469 237
409 427 514 489 nsque
535 407 580 472 ad
596 413 738 474 114111
754 409 870 475 dubito
886 413 918 474 in
934 433 1105 477 numerum
1120 412 1334 495 genuinarum

159 512 346 579 adscribere
359 517 395 602 1).

245 657 354 725 Venio
378 663 465 724 nunc
488 662 530 725 ad
555 663 676 745 elegias
698 668 767 728 tres
784 662 909 748 duplici
930 666 1036 731 forma
1058 667 1093 731 in
1116 666 1209 731 libris
1232 665 1335 730 tradi·

160 776 222 848 tas,
247 771 295 834 ita
324 778 436 837 tamen
469 774 612 839 variatas
641 781 678 837 ut
708 774 902 839 alterutram
933 779 1078 859 spuriam
1108 798 1180 843 esse
1202 798 1335 842 necesse

162 881 214 944 sit.
246 879 370 946 Versus
386 882 460 947 dico
474 887 600 948 39-42
618 891 651 948 et
669 888 749 948 1081
759 891 907 950 1-1082
917 888 948 968 b,
967 891 1335 969 53-60et1109-14,

162 996 310 1056 213—18
344 1000 377 1059 et
406 998 586 1058 1071-74.
637 995 751 1078 Atque
787 1018 898 1062 versus
932 997 1062 1081 quidem
1100 1001 1227 1062 53-60
1258 999 1336 1083 quin

160 1103 331 1184 pristinam
360 1104 500 1170 formam
522 1126 542 1168 a
567 1103 759 1187 Theognide
784 1107 854 1189 ipso
882 1107 994 1174 datam
1023 1109 1263 1174 reservaverint
1283 1111 1337 1173 vix

163 1213 297 1279 dubium
319 1237 390 1280 esse
413 1222 533 1298 potest.
577 1215 689 1300 Quid?
713 1238 786 1280 cum
802 1239 916 1283 versus
934 1220 1069 1302 1109110
1092 1220 1233 1284 ieiunam
1251 1221 1336 1286 anti·

161 1325 280 1389 thesim
310 1326 483 1390 verborum
514 1331 603 1391 κακοί
634 1334 667 1391 11
693 1325 813 1411 ἀγαθοί
845 1331 1051 1411 contineant,
1082 1352 1191 1396 nonne
1225 1353 1336 1397 versus

163 1437 289 1500 53—60
312 1437 417 1500 multo
439 1442 613 1521 praestant
635 1443 750 1520 utpote
774 1440 914 1504 eandem
932 1462 1000 1505 rem
1024 1442 1240 1524 amplioribus
1267 1464 1336 1508 vcr-

163 1546 271 1611 biset
300 1547 461 1630 peculiari
492 1546 638 1630 quadam
667 1548 809 1612 dictione
842 1548 1091 1617 describentes?
1121 1549 1219 1634 Quid,
1250 1555 1337 1637 quod

163 1678 193 1722 v.
217 1662 299 1721 1112
323 1657 591 1722 commemoratio
614 1660 897 1724 matrimoniorum
924 1662 1134 1727 vehementer
1157 1664 1296 1730 offendit
1318 1688 1338 1731 a

162 1775 263 1852 poeta
284 1769 438 1852 propriae
461 1769 586 1849 elegiae
608 1772 783 1849 (loa-92)
806 1772 996 1836 reservata?
1020 1770 1118 1855 Quid,
1140 1776 1228 1856 quod
1251 1798 1279 1840 v.
1297 1781 1337 1839 60

163 1881 359 1944 sententiam
386 1884 511 1943 rectam
535 1878 708 1960 exhibere,
739 1901 806 1944 non
826 1902 853 1944 v.
879 1885 962 1945 1114
983 1883 1090 1965 primo
1113 1884 1232 1949 obtutu
1253 1885 1337 1952 vide·

162 1991 259 2056 mus?
283 1991 528 2075 Appellationis
550 2010 627 2054 vero
646 1990 839 2075 Polypaidis
860 2015 887 2059 1.
906 1997 944 2057 57
962 1995 1069 2059 minus
1086 1996 1171 2059 ratio
1186 1995 1339 2060 habenda

163 2108 231 2183 est,
260 2104 416 2185 quoniam
447 2122 504 2166 eos
539 2102 595 2184 qui
627 2101 842 2186 Polypaidem
871 2124 890 2166 a
921 2102 1031 2187 Cyrno
1061 2106 1252 2172 discernant
1279 2110 1337 2172 hoc

163 2218 393 2295 argumentum
416 2214 449 2277 in
474 2204 673 2278 contrariam
696 2220 823 2296 partem
847 2220 975 2280 vertere
1004 2223 1260 2282 consentaneum
1291 2225 1340 2283 est

163 2324 296 2409 (Sitzler
317 2347 349 2409 p.
373 2326 437 2404 35).

250 2468 422 2551 Quomodo
443 2476 553 2534 autem
573 2468 710 2533 formam
734 2472 886 2536 carminis
909 2472 1054 2554 spuriam
1077 2472 1338 2554 explicabimus?

163 2582 218 2646 Ita
237 2583 354 2664 opinor
374 2586 412 2644 ut
434 2579 597 2663 quendam
622 2601 661 2644 ex
687 2581 843 2646 memoria
864 2604 977 2647 versus
1004 2582 1134 2648 schedis
1156 2582 1337 2664 mandasse,

163 2692 222 2757 ubi
245 2692 403 2757 memoria
425 2712 491 2756 non
515 2690 742 2774 suppeditaret
768 2692 907 2756 lacunas
937 2694 1003 2756 suis
1026 2694 1134 2758 verbis
1159 2693 1339 2776 explevisse

164 2808 327 2888 putemus,
349 2809 465 2887 postea
484 2803 569 2866 hanc
590 2823 708 2866 novam
732 2802 871 2885 elegiam
891 2810 928 2868 ut
942 2824 1017 2868 vere
1036 2803 1282 2885 Theognideam
1304 2804 1339 2866 in

166 2915 324 2997 syllogam
349 2914 491 2996 aliquam
522 2919 688 2995 receptam
721 2932 803 2981 1111.
857 2913 1004 2992 Similem
1034 2913 1199 2978 fortunam
1228 2934 1339 2977 versus

167 3025 303 3109 Tyrtaei
326 3023 413 3108 apud
434 3022 558 3105 Theog.
583 3028 732 3088 935-38
754 3045 871 3106 passos
900 3022 1105 3088 manifestum
1133 3030 1192 3090 est.
1236 3024 1339 3106 Equi·

166 3136 251 3216 dem,
273 3136 417 3200 uthans
446 3157 516 3200 rem
540 3136 653 3217 paucis
680 3135 786 3198 verbis
817 3136 871 3200 hic
901 3142 1046 3217 tangam,
1076 3135 1209 3198 omnino
1241 3134 1339 3200 aliter

167 3246 295 3315 errores
323 3246 398 3311 illos
428 3252 461 3310 et
492 3247 574 3312 vitia
608 3245 728 3329 quibus
762 3246 884 3329 sylloge
914 3246 1007 3310 libris
1041 3245 1164 3311 tradita
1193 3245 1342 3311 abundat

167 3346 241 3423 orta
270 3377 342 3422 esse
373 3357 453 3421 mihi
482 3357 632 3439 persuasi
660 3362 761 3441 atque
791 3360 871 3423 viris
902 3357 1010 3424 doctis
1041 3358 1207 3443 plerisque
1236 3356 1340 3423 visum

167 3474 228 3534 est.
273 3467 376 3535 Velut
392 3467 441 3532 illi
461 3489 534 3532 eum
556 3469 613 3553 qui
630 3467 824 3552 florilegium
846 3476 995 3535 nostrum
1018 3471 1245 3553 composuerit,
1268 3491 1340 3534 car-

166 3579 257 3643 mina
283 3579 383 3644 etiam
413 3577 564 3662 Tyrtaei,
594 3578 801 3662 Mimnermi,
833 3580 967 3647 Solonis
998 3579 1189 3644 adhibuisse
1221 3584 1342 3662 putant

166 3711 251 3772 quae
285 3691 386 3755 sciret
418 3690 534 3755 horum
566 3695 741 3772 poetarum
774 3711 860 3771 esse,
896 3688 1013 3754 deinde
1046 3688 1269 3770 anthologiam
1301 3710 1341 3752 ex

215 3988 217 3992 <
256 3955 277 4022 ¹)
297 3953 417 4008 Oarmen
435 3953 592 4024 Theognidi
610 3952 775 4020 relinquunt
792 3950 987 4004 Schneidewin
1005 3956 1042 4019 (p.
1055 3951 1112 4017 47),
1128 3949 1231 4017 Bergk,
1250 3949 1343 4003 Ohrist

167 4038 441 4110 1ῙᾸ1111111191111.θ
458 4058 484 4108 p.
497 4041 565 4106 115),
583 4038 706 4093 Orosius.
717 4068 752 4076 -
764 4035 903 4100 Welcher,
923 4037 970 4102 qui
987 4037 1060 4089 solos
1077 4053 1122 4087 11.
1130 4035 1208 4101 nosse
1226 4034 1343 4089 exclusit

168 4127 209 4192 (p.
226 4122 394 4194 LXXXII),
413 4142 526 4180 carmen
542 4124 626 4179 finem
644 4124 730 4176 totius
749 4123 870 4193 syllogus
888 4122 986 4175 fecisse
1003 4124 1093 4190 putat
