3036 4844
571 260 790 320 -15-

182 447 284 514 Reete
308 448 522 530 Studemund‚
546 449 598 516 vir
621 449 841 532 doctissimus,
865 450 909 535 (p.
931 450 987 536 36)
1015 451 1102 518 doeti
1126 450 1266 517 alieuius

93 564 226 630 lectoris
249 582 383 630 manum
407 569 577 646 tamquam
599 566 709 632 looum
731 566 930 649 parallelum
953 566 997 632 ad
1012 587 1044 632 v.
1062 571 1126 633 642
1150 567 1265 650 appin-

93 679 182 746 xIsse
205 679 411 746 notissimam
434 680 527 747 illam
543 686 642 763 atque
658 682 702 748 ad
716 682 863 749 taedium
879 683 1054 765 repetitam
1070 683 1266 749 sententiam

92 800 197 878 putat.
244 795 337 862 Nihil
364 796 466 881 igitur
493 797 707 864 dubitationis
734 798 886 878 relietum
917 797 959 864 iri
986 816 1159 879 speramus
1187 799 1266 881 quin

65 911 255 978 -sententia
277 911 387 994 priore
406 914 479 979 loeo
496 911 621 980 tradita
639 914 816 997 genuinam
838 933 920 997 prae
943 933 979 981 se
1002 915 1087 980 ierat
1109 915 1264 997 speeiem.

180 1027 273 1093 Idem
297 1026 454 1095 iudicium
477 1029 557 1123 mihi
580 1029 711 1111 quidem
739 1031 900 1097 ferentum
923 1030 1053 1097 videtur
1081 1031 1121 1097 de
1143 1051 1174 1096 v.
1200 1036 1265 1097 209

93 1139 127 1201 et
142 1139 208 1199 210

307 1222 410 1294 Οὐδείς
432 1245 472 1286 τοι
496 1225 622 1311 φεύγοντι
646 1225 729 1313 φίλος
751 1225 798 1289 καὶ
821 1226 916 1296 πιστὸς
939 1225 1048 1312 ἑταῖρος

305 1338 359 1416 τῆς
381 1330 413 1393 δε
436 1339 528 1418 φυγῆς
552 1331 624 1395 ἐστιν
647 1333 722 1396 τοῦτ’
748 1335 933 1420 ἀνιηρότεφον.

181 1456 220 1522 In
243 1455 355 1522 oodioe
377 1457 411 1522 A
433 1461 562 1523 tantum
586 1457 620 1522 hi
642 1477 761 1525 versus
785 1463 861 1540 post
883 1478 914 1524 v.
937 1463 1001 1524 332
1025 1457 1074 1525 sio
1096 1459 1264 1542 legrmtur:

307 1571 369 1637 Οὐκ
393 1573 466 1636 ἔστιν
490 1573 616 1659 φεύγοντι
638 1573 720 1661 φίλος
742 1573 789 1636 καὶ
812 1574 907 1644 πιστὸς
930 1573 1038 1659 ἑταῖρος

305 1687 359 1765 τῆς
381 1678 413 1742 δὲ
436 1688 528 1766 φυγῆς
552 1679 625 1743 ἐστιν
648 1681 722 1743 τοῦτ’
748 1683 937 1766 ἀνιηρότατον.

180 1806 212 1870 Ν
214 1824 255 1870 on
279 1824 414 1886 possum
438 1824 503 1871 non
526 1805 698 1872 adversari
713 1804 857 1888 Bergkio
874 1810 908 1871 et
923 1805 1114 1871 Hermanno
1132 1806 1265 1873 Schnei-

94 1921 210 2002 dewin,
239 1939 379 2002 quorum
395 1926 534 2002 uterque
556 1922 761 1988 consentiens
779 1939 853 1986 eum
865 1919 1122 2007 Kuellenbergio
1140 1921 1185 2005 (p,
1197 1922 1265 2004 32).
1308 1969 1311 1973 ·

94 2035 292 2117 Theognidis
316 2038 421 2103 verba
444 2036 573 2103 fidelius
597 2041 732 2104 servata
755 2055 828 2102 esse
852 2041 949 2117 putat
971 2055 1025 2117 ea,
1053 2055 1138 2118 quae
1161 2039 1265 2103 altero

95 2151 166 2217 loeo
193 2151 336 2217 traditur
358 2152 498 2219 lectione
522 2158 555 2218 et
577 2151 762 2236 Oruegero¹
787 2153 922 2234 eiusque
950 2151 1109 2235 magistro
1136 2152 1266 2218 Jordan

99 2267 363 2349 adstipulandum
392 2286 525 2349 oenseo,
554 2267 609 2349 qui
637 2289 669 2334 v.
699 2273 763 2334 209
792 2268 967 2351 genuinam
995 2267 1170 2335 lectionem
1198 2287 1266 2334 ser·

99 2387 205 2448 vatam
240 2387 367 2464 putant.
417 2384 492 2448 Non
528 2383 625 2449 iaeile
658 2384 812 2464 ouiquam
847 2383 1101 2465 persuadebitur
1130 2383 1179 2446 οὐκ
1207 2384 1267 2446 ἐστι

95 2515 283 2579 germanam
308 2517 380 2563 esse
403 2499 586 2580 lectionem,
611 2500 669 2567 sed
693 2500 736 2565 ut‘
753 2499 884 2566 distichi
908 2499 1080 2566 exordium
1101 2499 1135 2564 in
1158 2499 1266 2566 medio

95 2612 332 2695 relinquamus,
367 2634 474 2680 nonne
502 2614 609 2681 exitus
636 2617 741 2681 multo
770 2615 891 2681 clarior
923 2620 956 2680 et
982 2614 1108 2680 firmior
1134 2614 1268 2680 videtur

94 2730 319 2811 comparativo
349 2729 510 2811 adhibite,
544 2731 599 2812 qui
626 2731 708 2796 nihil
736 2729 950 2796 dubitationis
978 2729 1157 2812 relinquat,
1187 2750 1267 2812 quo-

94 2845 191 2911 modo
214 2845 387 2928 genetiuis
411 2856 464 2933 τήτ
487 2845 518 2908 δὲ
538 2854 630 2932 φυγῆς
652 2845 892 2928 intellegendus
916 2845 968 2926 sit,
993 2863 1091 2926 quam
1115 2846 1266 2911 sollemni

93 2960 153 3027 illa
169 2961 363 3044 superlativi
379 2963 494 3043 forma,
516 2981 601 3044 quae
617 2966 734 3043 quater
750 2961 783 3025 in
800 2960 1017 3043 Theognideis
1035 2960 1078 3044 (v.
1099 2965 1172 3041 124,
1189 2965 1265 3024 258.

95 3081 170 3158 ern,
197 3076 296 3163 1256)
320 3077 480 3143 occurrit?
871 3057 874 3063 ’

182 3194 258 3259 Non
281 3199 453 3275 potestne
477 3193 615 3277 eogitari
643 3192 774 3274 quidem
802 3192 853 3258 vis
877 3190 1058 3257 sententiae
1080 3191 1267 3258 absolutius

95 3312 195 3389 atque
218 3308 394 3389 perfectius
419 3327 578 3390 expressa
601 3327 701 3391 quam
725 3308 773 3374 eis
796 3307 922 3388 verbis,
952 3327 1037 3389 qnae
1061 3307 1169 3388 priore
1192 3309 1266 3372 loeo

95 3423 217 3505 duplioi
245 3423 394 3489 codicum
418 3424 450 3491 A
479 3426 564 3493 etO
592 3424 778 3491 testimonio
806 3423 934 3490 munita
960 3423 1123 3506 leguntur.
1170 3423 1268 3507 Quod

95 3545 206 3604 autem
229 3539 394 3621 Bergkius
417 3559 448 3604 v.
466 3545 531 3605 209
553 3546 585 3605 et
605 3544 671 3605 210
694 3547 769 3621 post
789 3561 820 3604 v.
839 3545 902 3604 332
927 3539 999 3605 loeo
1024 3557 1103 3604 sane
1127 3557 1269 3604 commo-

95 3654 229 3722 dissimo
257 3656 393 3720 iteratos
422 3661 546 3737 censet,
575 3655 655 3721 mihi
683 3655 815 3736 quidem
843 3673 938 3720 seous
961 3654 1092 3720 ridetur
1115 3655 1267 3736 repetitio

93 3770 159 3837 ista
190 3773 317 3838 insulsa
348 3771 435 3837 male
466 3790 507 3837 ao
536 3772 692 3851 molesta,
723 3775 761 3835 ut
792 3769 915 3837 Catulli
946 3769 1067 3836 verbis,
1084 3775 1170 3835 utar.
1220 3770 1268 3834 Hi

94 3906 210 3954 versus
238 3893 313 3970 post
347 3909 379 3953 ν.
408 3893 472 3954 332
505 3907 603 3954 suum
635 3889 745 3953 loeum
779 3905 843 3951 non
878 3886 1014 3966 habent,
1043 3885 1101 3951 sed
1135 3884 1268 3950 lectoris

96 4023 196 4070 manu
224 4004 328 4070 additi
356 4010 446 4086 sunt,
475 4004 530 4086 qui
558 4023 623 4069 non
653 4008 744 4069 reeto
772 4001 892 4067 iudieio
921 4020 1000 4067 usus
1030 4001 1142 4081 aliqua
1169 4019 1268 4084 argu·

95 4119 196 4184 menti
219 4119 460 4186 necessitudine
483 4138 557 4185 oum
580 4139 612 4185 v.
630 4123 694 4184 333
718 4122 751 4182 et
771 4123 836 4182 334

168 4253 178 4290 ¹
193 4255 227 4307 O.
242 4253 384 4320 Crueger:
413 4255 457 4308 De
468 4254 602 4308 locorum
615 4252 874 4320 Theognideorum
887 4251 968 4317 apud
981 4254 1093 4304 veteres
1107 4253 1269 4318 scriptores

96 4335 277 4387 exstantium
290 4334 327 4386 ad
340 4337 456 4387 textum
467 4339 571 4402 poetae
583 4332 800 4388 emendandum
814 4330 918 4397 pretio.
950 4330 1131 4399 Regimontii
1151 4331 1268 4386 dissert.

94 4414 262 4480 inaugural.
283 4415 360 4468 1882.
