3030 4846
656 293 866 355 ..25-

220 485 253 544 et
276 486 445 563 Δειμαίνον,
465 482 510 570 μη
533 481 624 568 τήνδε
647 483 748 560 πόλιν,
773 485 968 574 Πολνπαΐδη,
996 484 1085 573 ὕβρις

365 587 447 680 ἥπερ
468 594 660 677 Κενταύρους
682 592 876 680 ὠμοφάγους
897 596 998 684 ὀλέοη.

170 734 212 800 In
235 735 287 801 his
309 740 431 804 morari
453 761 571 822 operae
592 741 735 822 pretium
754 762 821 805 non
845 749 896 807 est
921 748 942 824 l.

257 882 304 947 Ut
318 884 385 948 iam
410 886 594 988 exemplum
616 886 840 968 adhibeamus,
865 889 954 969 quod
976 890 1137 956 maiorem
1153 893 1255 960 habet
1276 917 1349 978 spe-

170 997 262 1078 ciem,
284 1017 398 1062 versus
423 1000 591 1060 1267-70

273 1151 353 1220 Παῖς
374 1167 407 1208 τε
427 1145 479 1207 καὶ
498 1142 598 1218 ἵππος
617 1140 728 1224 ὁμοῖον
749 1143 813 1224 ἕχει
834 1142 1001 1209 νέον·οὔτε
1024 1146 1083 1230 γὰρ
1105 1145 1206 1226 ἵππος

364 1248 491 1340 ἡνίοχον
511 1253 615 1318 κλαίει
635 1257 773 1335 κείμενον
795 1253 828 1320 ἐν
851 1259 946 1340 κονίῃ,

270 1362 353 1429 ἄλλοί
375 1363 428 1428 τὸν
447 1358 574 1446 ὕστερον
596 1362 693 1446 ἄνδρα
715 1370 805 1449 φέρει
826 1370 968 1449 κριθαῖσι
988 1371 1133 1450 κορεσθεί
1152 1389 1159 1405 ·

365 1470 410 1551 αἱς
431 1473 564 1551 ὁάίίτως
585 1476 637 1539 καὶ
660 1487 737 1553 παῖς
755 1476 809 1540 τόν
830 1477 987 1560 παρεόντα
1005 1479 1092 1561 φιλεῖ

168 1644 231 1686 van
263 1621 321 1685 der
343 1620 420 1704 May
448 1626 491 1703 (p.
514 1624 567 1700 29)
599 1627 633 1685 et
662 1619 808 1686 Oorsenn
837 1627 881 1705 (p.
906 1628 945 1687 10
966 1643 1014 1705 sq.
1040 1629 1073 1689 et
1096 1626 1149 1704 37)
1178 1624 1350 1708 parodiam

169 1738 354 1816 agnoscunt
376 1754 526 1798 versuum
552 1737 719 1796 1157-60

272 1878 412 1955 Πλοῦτος
433 1882 485 1944 καὶ
505 1882 600 1965 σοφίη
620 1883 750 1964 θνητοῖς
767 1876 974 1960 ἀμαχώτατον
996 1877 1076 1942 αἰεί·

363 1989 434 2054 οίτε
456 1989 516 2073 γάρ
540 1984 578 2053 ἂν
600 1991 737 2055 πλούτου
756 1989 860 2071 θυμὸν
878 1985 1117 2072 ὑπερκορέσαις·

270 2097 316 2176 οἷς
337 2099 469 2176 δἀὔτως
489 2105 600 2185 σοφίην
624 2095 641 2162 ὁ
663 2099 847 2185 σοφώτατος
865 2095 921 2164 οὐκ
942 2097 1130 2184 ἀποφεύγει,

365 2208 435 2273 ἄλλ’
459 2208 576 2291 ἔραται,
600 2212 702 2291 θυμὸν
724 2208 791 2274 δὀὐ
814 2209 942 2274 δύναται
965 2210 1094 2275 τελέσαι.

169 2353 325 2421 Concedo
351 2355 536 2419 universam
559 2353 698 2418 formam
727 2355 966 2420 sententiarum
991 2354 1130 2418 similem
1152 2375 1234 2436 esse,
1258 2377 1344 2438 quac

167 2473 278 2534 tamen
311 2471 432 2529 natura
466 2464 704 2528 sententiarum
735 2467 808 2548 ipsa
841 2466 1033 2549 explicatur.
1083 2463 1235 2548 Namque
1269 2486 1345 2530 cum

167 2578 274 2644 altera
300 2597 396 2640 versu
429 2574 534 2658 primo
569 2577 847 2657 comparationem
879 2577 1001 2641 habeat
1030 2579 1140 2656 (1267)
1177 2596 1261 2658 quae
1296 2577 1345 2641 in·

168 2687 382 2772 sequentibus
415 2707 513 2770 quam
547 2708 625 2751 vera
662 2693 747 2752 esset
785 2686 1076 2752 demonstrandum
1110 2691 1199 2767 erat,
1238 2687 1345 2752 altera

168 2821 321 2883 gnomam
352 2819 435 2882 quae
464 2798 544 2863 item
567 2796 729 2863 illustrari
756 2797 907 2880 debebat,
931 2797 1028 2862 facile
1050 2797 1121 2862 fieri
1148 2803 1279 2882 poterat
1307 2804 1345 2863 ut

167 2910 273 2978 verbis
297 2909 367 2976 oilae
389 2912 449 2996 yolo
470 2911 648 2995 explicatio
675 2910 820 2976 daretur.
866 2910 979 2993 Atque
1003 2908 1090 2992 quod
1117 2908 1160 2973 ad
1180 2907 1344 2973 vocabula

166 3024 256 3106 ipsa,
287 3022 376 3106 quod
405 3029 506 3106 poeta
536 3022 691 3088 carminis
715 3024 868 3088 amatorii
895 3021 994 3087 verba
1017 3017 1063 3096 aig
1092 3017 1223 3096 ὄάῧτως
1244 3019 1342 3085 initio

167 3155 280 3200 versus
302 3136 414 3217 ponit,
445 3135 508 3200 hoc
532 3156 596 3200 non
618 3134 739 3200 habere
763 3134 860 3199 debet
882 3154 923 3198 ex
950 3154 979 3196 v.
1010 3135 1102 3196 1159.
1148 3130 1254 3197 Immo
1277 3131 1342 3196 usi·
1372 3161 1374 3167 ·

166 3251 272 3310 tatum
295 3243 378 3309 illud
399 3251 449 3310 est
471 3244 558 3327 apud
582 3251 699 3327 poetas
723 3247 831 3327 epicos
856 3264 994 3325 quorum
1016 3241 1099 3306 locis
1133 3247 1166 3306 et
1194 3239 1343 3306 formulis

167 3357 265 3421 etiam
287 3360 404 3436 poetae
428 3354 565 3436 elegiaci
586 3360 725 3418 utuntur
736 3354 773 3436 ⁹).
819 3352 886 3419 Sed
914 3351 1002 3433 quod
1032 3357 1109 3416 ante
1135 3350 1235 3416 verba
1258 3373 1290 3435 q.
1316 3372 1341 3418 s.

167 3465 212 3545 ὠς
229 3465 363 3541 ὄάἰίτως
390 3465 489 3530 etiam
517 3463 624 3529 forma
645 3462 736 3528 verbi
762 3468 921 3549 κορέννομι
944 3468 1085 3545 utroque
1106 3463 1178 3527 loco
1210 3462 1342 3544 legitur,

167 3599 257 3644 mero
282 3578 371 3642 casui
393 3574 604 3640 tribuendum
632 3581 699 3655 est,
730 3573 817 3639 unde
849 3574 932 3637 nihil
955 3572 1225 3651 concludendum,
1249 3596 1342 3658 prae·

167 3691 280 3757 sertim
304 3709 376 3751 cum
400 3685 533 3750 verbum
555 3692 694 3770 utroque
716 3684 789 3750 loco
813 3684 971 3750 derebus
995 3685 1132 3749 diversis
1155 3692 1342 3769 usurpetur.

166 3803 286 3886 Itaque
317 3798 498 3865 concedere
530 3817 593 3861 non
626 3817 760 3880 possum
791 3816 922 3861 carmen
957 3795 997 3860 de
1032 3815 1096 3877 quo
1130 3797 1239 3878 agitur
1270 3818 1341 3862 esse

254 4005 276 4074 ¹)
295 4004 359 4060 Van
377 4005 427 4058 der
445 4001 520 4071 Meyi
538 4002 705 4056 sententiam
723 4000 784 4054 iure
802 3999 884 4052 reicit
902 3998 1027 4052 Oorsenn
1045 4017 1072 4068 p.
1091 4000 1132 4052 39.

253 4093 276 4160 ⁹)
294 4090 431 4160 Exempla
448 4089 511 4143 vide
530 4087 605 4157 apud
623 4086 799 4141 Rennerum:
830 4071 901 4140 [lber
924 4083 975 4138 dae
992 4081 1191 4138 Formelweaea
1214 4083 1254 4138 im
1269 4084 1340 4155 prie-
1404 4129 1407 4134 .

165 4176 289 4233 οίιίοείιεπ
317 4176 393 4245 Epor
418 4174 477 4230 aad
503 4173 608 4244 episcle
635 4170 862 4228 Remloieceazea
887 4169 919 4224 ia
949 4169 997 4224 der
1022 4168 1127 4224 altena
1154 4169 1340 4239 priecliaclrea

165 4264 268 4340 Ειιηίε,
287 4262 363 4331 Lips.
382 4264 456 4327 1872,
475 4279 501 4330 p.
520 4262 597 4314 5811.
615 4261 640 4313 9.
