3036 4844
657 273 870 334 ..35-

179 484 273 528 nemo
296 467 402 547 neget.
431 462 566 547 Duplici
586 463 684 529 modo
706 467 817 529 autem
840 484 914 529 maa
934 464 1066 548 quidem
1087 466 1251 531 sententia
1272 465 1356 531 haec

177 593 228 639 res
250 573 409 656 explicari
429 578 548 657 potest.
595 573 819 639 Accusatores
842 573 892 639 illi
916 575 1071 639 nimirum
1093 575 1198 644 furam
1219 575 1354 640 insimu-

177 684 246 749 lant
274 704 387 749 versus
413 705 454 748 ex
482 684 566 749 libro
596 685 704 767 primo
737 692 885 768 sumptos
917 686 951 748 in
975 707 1069 751 suum
1098 707 1193 752 usum
1215 691 1353 752 vertisse

179 814 250 860 cum
273 793 446 878 parodiam
475 815 569 859 suam
598 793 755 861 scriberet
766 799 801 875 ¹).
846 794 918 859 Nos
942 801 1054 860 contra
1078 797 1111 859 in
1141 797 1226 862 libro
1249 797 1354 862 altero

175 905 346 989 pristinam
369 905 522 969 carminis
543 905 664 988 integri
685 905 826 971 formam
848 905 957 971 adhuc
980 911 1143 972 servatam
1164 905 1261 971 nobis
1281 928 1353 990 per·

176 1015 354 1096 suasimus,
381 1013 546 1080 distichon
573 1015 718 1098 syllegae
749 1017 882 1082 maioris
904 1018 1127 1102 fragmentum
1148 1017 1254 1081 nostri
1275 1036 1353 1099 poe·

174 1127 269 1192 matii
289 1146 371 1192 esse.
406 1125 462 1192 Sic
484 1124 551 1190 fere
566 1125 681 1209 Bergk
703 1126 908 1208 adr.1239;
930 1127 1012 1192 facit
1034 1133 1144 1192 autem
1162 1147 1236 1193 cum
1256 1126 1353 1191 nobis

175 1243 208 1303 et
229 1257 315 1302 unus
338 1258 379 1301 ex
401 1235 609 1318 adversariis,
632 1236 790 1303 Rintelen
812 1245 858 1322 (p.
874 1241 938 1317 41),
962 1239 1020 1321 qui
1035 1237 1196 1304 distichon
1217 1236 1353 1302 πολλάκι

170 1370 222 1413 ,σοι
255 1347 323 1430 παρ
355 1343 427 1428 ἐμοί
456 1346 519 1412 κτλ.
548 1347 583 1410 in
615 1348 700 1414 libro
736 1373 757 1412 α
788 1354 911 1414 temere
946 1349 1104 1415 omissum
1138 1347 1306 1414 concludit
1315 1348 1351 1429 ²).

174 1455 281 1541 Quem
311 1456 459 1522 sodalem
489 1456 603 1524 Hiller
631 1460 755 1525 reicere
794 1465 933 1525 conatur
967 1480 1041 1524 cum
1073 1461 1167 1525 illum
1198 1466 1352 1525 naturam

176 1573 275 1652 atque
297 1567 443 1633 indolem
474 1566 550 1633 libri
580 1569 716 1634 alterius
749 1590 814 1634 non
846 1575 937 1635 recte
959 1572 1144 1655 perspicere
1167 1571 1259 1637 dicit.
1302 1570 1353 1635 At

174 1679 236 1744 hoc
259 1679 552 1744 demonstrandum
573 1686 654 1761 erat,
677 1680 797 1745 librum
815 1701 856 1745 ex
869 1680 1015 1764 parodiis
1042 1690 1209 1762 constar03
1235 1680 1354 1765 quodsi

173 1790 257 1856 hanc
278 1789 477 1856 sententiam
493 1795 668 1874 sequentes
689 1790 772 1855 illud
792 1798 1021 1873 argumentum
1034 1791 1183 1869 afferunt,
1206 1793 1235 1857 si
1253 1811 1352 1875 porro

174 1901 314 1967 docetur
341 1908 572 1982 argumentum
599 1922 670 1967 esse
699 1922 820 1985 anceps
847 1901 935 1985 quod
962 1902 1062 1966 etiam
1087 1903 1120 1966 in
1150 1903 1351 1967 contrariam

173 2019 302 2095 partem
332 2012 415 2077 verti
444 2013 568 2094 possit,
608 2033 708 2097 quam
737 2031 927 2095 perversum
958 2018 1008 2077 est
1038 2018 1108 2077 tum
1138 2012 1241 2078 verba
1269 2012 1352 2076 talia

175 2122 284 2188 facere
307 2122 420 2206 qualia
442 2121 569 2188 Hiller!
614 2122 733 2192 Nonne
755 2122 818 2188 hoc
845 2129 896 2188 est
925 2123 958 2187 in
987 2124 1166 2189 circuloso
1190 2120 1350 2188 versare?

259 2233 335 2299 Uno
359 2234 460 2298 verbo
483 2254 633 2298 moneam
661 2257 690 2300 v.
709 2237 792 2298 1262
824 2233 970 2299 eiusdem
999 2232 1079 2299 libri
1108 2232 1248 2299 similem
1280 2253 1350 2298 esse

173 2343 225 2408 vel
248 2343 388 2408 eundem
410 2348 511 2426 atque
533 2347 616 2408 1239
629 2345 660 2412 b.
705 2343 805 2427 Quod
827 2344 926 2409 licere
955 2346 1022 2409 iam
1050 2366 1148 2430 supra
1179 2345 1224 2429 (p.
1243 2349 1282 2408 31
1299 2366 1348 2427 sq.

174 2454 217 2521 ad
238 2477 267 2519 v.
286 2459 382 2534 1238)
405 2455 522 2539 opinor
543 2453 729 2532 vidimusss).
775 2454 904 2538 Quibus
927 2455 1085 2539 expositis
1106 2454 1190 2519 nihil
1214 2476 1271 2519 nos
1292 2457 1350 2518 im·

173 2564 266 2650 pedit
291 2567 466 2648 quominus
492 2572 608 2631 contra
636 2565 891 2649 repetitionibus
924 2566 967 2630 ad
988 2572 1138 2631 nostram
1162 2565 1203 2631 de
1225 2565 1350 2647 origine

172 2675 363 2760 appendicis
393 2676 588 2742 sententiam
618 2675 849 2742 stabiliendam
878 2682 1020 2741 utamur.
1073 2675 1234 2740 Putamus
1263 2676 1350 2740 enirn

172 2787 215 2853 ab
237 2787 351 2853 eodem
374 2787 432 2870 qui
453 2787 682 2851 collectionem
701 2787 857 2851 maiorem
881 2786 1142 2865 concinnaverit,
1174 2791 1208 2850 et
1229 2784 1350 2849 librum

172 2923 194 2963 α
222 2905 256 2964 et
279 2897 400 2964 librum
429 2904 452 2982 β
479 2920 519 2963 ex
550 2897 676 2964 eisdem
706 2896 843 2981 syllogis
873 2894 1111 2979 antiquioribus
1142 2894 1347 2977 excerpendo

259 3138 280 3206 ¹)
298 3136 363 3206 lisy
380 3153 407 3205 p.
426 3136 473 3202 ³⁰3
493 3133 617 3186 Gorsenn
636 3150 663 3202 p.
682 3135 698 3186 6
717 3137 746 3187 et
765 3134 812 3199 37;
832 3131 965 3186 Schaefar
982 3150 1009 3202 p.
1027 3134 1070 3186 86.

257 3241 280 3309 ⁸)
299 3239 340 3294 cf.
358 3236 603 3294 Schneidewinum
620 3253 647 3305 p.
667 3237 699 3290 19
717 3239 746 3290 et
762 3237 805 3289 37.

258 3343 282 3413 ⁸)
300 3341 342 3397 cl.
361 3341 466 3395 Simon.
486 3338 517 3394 0.
536 3340 577 3404 92,
596 3341 613 3391 2
631 3340 753 3407 (κείνων)
771 3337 869 3407 ῥήμασι
887 3338 1068 3404 ποιθάμενσι,·
1085 3338 1142 3394 Sol.
1155 3343 1181 3407 4,
1198 3343 1215 3394 6
1232 3340 1350 3410 χρήμασι

170 3428 351 3495 πιιθόμινοι;
375 3425 482 3496 Theog.
499 3426 550 3478 194
572 3423 690 3494 χρήμασι
706 3423 889 3490 πειθόμενος,
912 3425 968 3479 Sol.
992 3428 1017 3490 4,
1043 3426 1074 3478 ll
1094 3421 1218 3496 (ἀδίκοις)
1236 3429 1350 3495 ἔργμασι

170 3514 345 3581 πειθόμενοι,
363 3512 401 3567 id.
422 3513 461 3576 13,
481 3512 514 3564 12
532 3506 656 3578 (ἀδίκοις)
682 3510 796 3580 ἔργμασι
812 3507 997 3576 neustrianorum
1021 3509 1128 3580 Theog.
1151 3514 1203 3566 ³80
1226 3507 1350 3579 (ἇὸίκσιο)

172 3601 285 3670 ἔργμασι
304 3599 498 3663 πιιθσμὲνων,·
525 3594 630 3665 Theog.
657 3596 708 3648 948
735 3590 860 3664 (ἀδίκοις)
887 3591 1003 3663 ἀνδράσι
1029 3595 1212 3662 perdonare&
1243 3596 1349 3649 Simon.

171 3687 230 3747 140,
247 3686 264 3738 2
281 3681 380 3750 λήματι
396 3681 577 3747 serueueram
596 3679 703 3749 Theog.
721 3682 772 3733 756
791 3679 913 3751 σώφρονι
930 3679 1105 3746 πειθόμενοι.
1117 3711 1153 3720 -
1164 3680 1274 3734 Similia
1285 3683 1350 3733 sunt

169 3773 200 3827 in
216 3770 307 3824 ultera
321 3767 491 3838 pentametri
508 3769 589 3836 parte
606 3764 710 3834 Theog.
729 3767 782 3820 920
796 3769 895 3835 γαστρὶ
910 3763 1095 3833 χαριζόμενος,
1113 3764 1182 3818 ibid.
1201 3767 1253 3819 774
1273 3760 1350 3815 παιδὶ

169 3853 345 3924 χαριζόμενοι
349 3872 360 3914 ‚·
384 3852 488 3906 Simon.
508 3852 565 3915 12³,
583 3854 600 3905 4
617 3853 695 3902 παισὶ
711 3849 902 3918 χαριζόμενσιῑ
920 3851 962 3915 85,
982 3850 1015 3902 l4
1026 3846 1109 3913 τλῆθι
1119 3848 1303 3919 χαριζόμενος.
1315 3879 1349 3888 -

171 3941 281 3993 θεοῖσιν
299 3937 478 4004 ἐπισχόμενοι
497 3936 602 4006 Theog.
615 3937 667 3990 358
679 3939 707 3990 et
719 3938 779 4002 944,
799 3936 908 3987 θεοῖσιν
921 3932 1101 3999 ἐπευξάμενος
1114 3935 1189 3989 1116.
1214 3933 1350 4002 Exempla

171 4042 235 4080 cum
250 4023 399 4095 participio
418 4021 597 4088 ἐπιστάμενοι
616 4022 701 4075 habes
719 4019 828 4075 Archil.
848 4022 871 4081 1,
889 4021 919 4087 2;
944 4019 1000 4073 Sol.
1021 4020 1061 4085 13,
1086 4020 1134 4087 52,
1159 4017 1264 4088 Theog.
1288 4019 1348 4085 564,

169 4113 230 4176 662,
247 4113 311 4178 772,
338 4108 468 4178 Aeschyl.
486 4112 512 4174 4,
530 4112 547 4162 4
564 4106 682 4178 Bergk.;
707 4106 830 4160 Philetas
853 4121 896 4174 ap.
914 4102 993 4159 Stob.
1018 4101 1078 4159 fl'or.
1097 4106 1138 4166 al,
1156 4106 1174 4156 4
1192 4122 1217 4159 v.
1236 4106 1253 4157 4
1272 4102 1349 4170 (vide

169 4194 370 4266 Kuollenbarg.
388 4213 416 4265 p.
434 4195 488 4263 5³).

1161 4311 1195 4363 3*
