3036 4844
653 275 865 334 ,95-

168 465 319 550 prosecta
342 489 414 534 esse
435 489 544 552 posse.
592 468 686 533 Haec
709 473 760 531 est
783 468 948 532 sententia
972 467 1113 550 Bergkii‚
1137 475 1170 533 et
1193 475 1230 533 ut
1255 470 1343 533 vide-

168 583 221 643 tur
245 577 365 643 Dielsii
381 579 412 662 ¹).
460 579 512 642 De
544 580 737 663 quaestione
766 599 826 642 nos
857 578 937 660 quid
964 580 1147 645 iudicemus
1177 579 1240 644 hoc
1270 579 1343 645 loco

168 709 328 772 exponere
352 686 444 767 libet,
468 710 575 773 neque
598 690 695 753 nimie
718 689 869 770 breviter,
899 696 937 753 ut
966 691 1229 756 adversariorum
1250 711 1345 770 argu·

167 807 281 865 menta
306 801 388 864 satis
411 800 620 882 refellamus,
646 820 752 881 neque
775 801 872 864 nimis
896 802 1038 884 copiose,
1071 823 1144 866 cum
1168 823 1220 866 res
1241 821 1345 884 paene

167 912 337 996 propriam
361 914 628 979 dissertationem
652 931 751 994 quam
776 932 836 976 nos
858 932 972 976 vocare
997 913 1138 979 solemus
1169 912 1345 977 desideret.

253 1041 331 1108 Una
351 1063 450 1108 causa
474 1046 576 1124 atque
599 1061 638 1105 ea
661 1061 727 1122 qua
750 1039 890 1103 maxime
913 1040 1049 1105 adducti
1072 1049 1150 1105 sunt
1172 1041 1286 1120 critici,
1310 1046 1347 1105 ut

167 1153 338 1237 parodiam
368 1157 603 1236 agnoscerent,
632 1156 683 1217 est
713 1150 802 1234 quod
832 1151 864 1214 in
895 1151 978 1216 libro
1008 1153 1115 1217 altero
1143 1152 1253 1232 verba,
1282 1151 1346 1215 for·

169 1264 285 1344 mulas,
320 1283 432 1327 versus
463 1261 648 1327 invenerint
681 1263 783 1327 etiam
818 1263 850 1325 in
886 1261 973 1327 libro
1007 1263 1114 1346 primo
1147 1264 1261 1328 eadem
1296 1262 1348 1326 rel

156 1375 268 1440 „simili
290 1374 396 1438 forma
418 1373 593 1438 exstantia.
639 1371 714 1456 Quo
737 1374 770 1436 in
789 1373 899 1438 studio
916 1372 1064 1439 locorum
1082 1375 1236 1438 similium
1256 1374 1346 1439 colli·

169 1487 350 1570 gendorum
372 1503 470 1567 saepe
491 1481 625 1546 modum
649 1505 840 1548 conoessum
864 1485 913 1550 ita
937 1486 1033 1568 longe
1057 1487 1180 1568 egressi
1201 1491 1287 1566 sunt,
1311 1491 1348 1549 ut

169 1598 285 1680 nugari
303 1595 483 1660 videantur.
530 1592 633 1661 Velut
656 1594 744 1675 quod
763 1594 796 1658 in
815 1617 864 1659 vv.
889 1597 1003 1682 124713
1026 1597 1207 1662 condendis
1237 1617 1348 1661 versus

171 1711 319 1774 eat-27
356 1704 504 1788 exemplo
537 1704 639 1770 fuisse
673 1703 822 1771 Ocreenn
857 1706 937 1771 dicit
972 1710 1016 1790 (p.
1052 1711 1068 1769 7
1107 1715 1141 1771 et
1172 1708 1246 1791 37),
1278 1709 1348 1772 iure

170 1820 310 1887 mireris.
355 1814 445 1899 Quid
467 1815 558 1882 aliud
589 1836 758 1880 commune
787 1817 850 1880 nisi
879 1837 944 1880 uua
974 1837 1035 1881 vox
1064 1814 1263 1903 ἀμορτωλήλ
1302 1816 1349 1880 Elt

171 1934 255 1998 hano
290 1928 458 2013 plagiator
487 1926 543 1990 ille
576 1925 723 2009 proferre
756 1948 821 1991 non
854 1932 986 2008 poterat
1020 1928 1083 1991 nisi
1116 1949 1156 1991 ex
1187 1928 1260 1992 loco
1291 1927 1348 1991 illo

173 2040 359 2126 sumptam?
381 2037 572 2102 Ridiculum
595 2037 666 2102 hoc.

259 2169 365 2234 Porro
381 2188 494 2232 versus
522 2169 646 2229 11-14
670 2186 732 2229 van
756 2165 814 2230 der
834 2165 909 2249 Moy
932 2172 1029 2249 putat
1052 2166 1094 2231 ab
1116 2174 1216 2250 poeta
1237 2168 1294 2232 illo
1315 2168 1349 2232 in

173 2280 343 2366 parodiam
366 2268 510 2342 muta'tos
529 2296 600 2342 esse
623 2275 769 2340 versibus
796 2280 962 2341 1327--30
987 2283 1029 2361 (p.
1049 2281 1111 2356 34).
1159 2277 1352 2360 Congruunt

174 2390 323 2476 profecto
346 2389 499 2454 vocativo
523 2389 556 2453 in
579 2388 673 2452 initio
697 2393 846 2452 exstante
870 2395 904 2453 et
926 2389 1034 2454 verbis
1066 2387 1238 2471 σοί-ἐμοί.
1284 2389 1351 2455 Sed

173 2503 254 2568 haec
277 2500 458 2566 similitudo
481 2499 618 2564 fortuita
638 2505 690 2564 est
712 2504 827 2563 ettam
842 2499 1027 2580 levidensis,
1050 2506 1087 2564 ut
1108 2521 1202 2565 nemo
1219 2503 1350 2567 omniuo

175 2612 418 2677 animadvertat
438 2610 500 2674 nisi
522 2611 579 2693 qui
600 2609 765 2674 industria
784 2610 868 2674 talia
898 2612 1035 2693 quaerit.
1080 2610 1260 2676 Refutalur
1280 2634 1351 2695 per·

174 2745 270 2790 versa
292 2723 355 2786 viri
378 2722 469 2787 docti
491 2722 601 2805 opinio
625 2721 725 2785 etiam
749 2742 787 2785 eo
811 2720 900 2804 quod
924 2743 974 2784 vv.
994 2723 1107 2801 132718
1126 2743 1185 2804 per
1207 2743 1242 2787 se
1263 2729 1352 2787 stare

175 2842 210 2900 et
230 2857 278 2901 vv.
305 2837 386 2897 1329
411 2854 459 2916 sq.
484 2853 603 2897 novum
627 2852 760 2896 carmen
783 2832 930 2913 incipere
953 2830 1164 2895 manifestum
1188 2832 1287 2911 est2).

260 2962 355 3027 Idem
371 2951 506 3024 criticus
521 2966 565 3043 (p.
580 2964 633 3038 31)
649 2960 811 3024 hominem
832 2956 1009 3042 ‘spurcum'
1027 2980 1102 3023 cum
1117 2981 1164 3023 vv.
1184 2962 1353 3022 lael-34

176 3079 348 3167 pangeret,
368 3072 462 3135 illum
484 3072 595 3168 ignem
615 3092 680 3153 quo
702 3070 834 3135 arderet
854 3069 916 3133 sibi
934 3071 1101 3152 persuasit
1122 3065 1173 3133 ‘ex
1188 3066 1352 3150 Theogni-

178 3183 230 3248 dis
250 3179 501 3265 indignabnndi'
524 3203 571 3278 vu.
597 3184 712 3263 110314
734 3190 768 3280 et
786 3182 880 3266 54112
904 3179 1060 3278 petivisse
1083 3200 1112 3261 q.
1137 3201 1162 3247 s.

273 3315 381 3402 Ὕβρις
401 3318 454 3382 καὶ
476 3319 646 3403 Μάγνητας
665 3315 811 3384 ἀπώλεσε
831 3318 883 3382 καὶ
905 3318 1086 3403 Κολοφῶνα

372 3428 423 3493 καὶ
444 3429 594 3516 Σμύρνην.
617 3427 751 3507 πάντως,
773 3429 882 3516 Κύρνε,
911 3430 963 3494 καὶ
982 3427 1060 3511 ὔμμ’
1083 3425 1202 3495 ἀπολεῖ

266 3641 286 3708 ¹)
304 3640 398 3710 Bergk
422 3639 656 3711 Literatcrpeach.
680 3640 712 3693 11
735 3659 762 3711 p.
786 3644 838 3695 314
861 3658 915 3710 sq.;
941 3641 1019 3696 Diels
1042 3642 1071 3694 in
1098 3640 1220 3694 Hermae
1243 3640 1297 3694 vol.
1321 3641 1355 3694 33

179 3743 197 3795 p
220 3727 288 3879 283’1
308 3811 483 3881 Quamquam
511 3813 595 3867 ctiam
623 3811 752 3880 Hartung
779 3815 808 3864 et
833 3811 938 3865 Sitzler
962 3828 1007 3865 vv.
1036 3811 1173 3864 1327-34
1198 3809 1301 3862 iniuria
1326 3810 1356 3864 in

180 3913 265 3950 unum
283 3895 464 3966 coniungunt.
488 3926 522 3936 -
546 3896 677 3951 Ceterum
700 3912 753 3949 van
771 3895 956 3960 Herwcrdeu,
981 3895 1030 3962 qui
1047 3895 1106 3963 ipsc
1124 3910 1234 3962 quoque
1252 3894 1356 3949 librum

181 3982 308 4051 spurium
327 3981 412 4049 ducit,
432 3999 486 4036 van
504 3982 554 4036 der
565 3981 688 4051 Meyium
707 3981 777 4035 ialsc
796 3981 830 4034 de
848 3980 966 4051 parodia
985 3986 1014 4034 et
1031 3979 1143 4032 illorum
1155 3995 1284 4033 versuum
1301 3982 1356 4034 ori·

184 4067 250 4138 gine
267 4084 302 4122 ex
320 4085 363 4122 vv,
383 4069 485 4121 11-14
507 4070 596 4136 petita
619 4067 743 4121 iudicare
767 4067 837 4121 dicit
859 4071 897 4134 (p.
916 4068 971 4133 tt).
1012 4064 1105 4134 Negat
1128 4066 1211 4118 ctiam
1235 4066 1357 4119 Corsenn

186 4156 226 4222 (p.
243 4156 291 4222 40)
308 4170 353 4209 vv.
373 4155 475 4207 11-14
493 4154 650 4223 exemplum
669 4170 740 4219 esse;
765 4152 838 4206 idem
856 4151 988 4206 nimirum
1006 4168 1033 4204 u.
1054 4151 1120 4204 1337
1143 4166 1182 4216 eq.
1201 4150 1237 4204 ad
1255 4167 1297 4204 vv.
1317 4154 1359 4221 113

180 4243 211 4290 ct
229 4239 323 4307 103314
340 4238 433 4292 redire
450 4237 611 4294 arbitratur.
