3036 4844
650 255 860 315 ..22-

254 447 384 532 Quarto
416 448 557 530 denique
587 449 699 531 generi
730 469 769 513 ea
798 449 982 531 monelegia
1004 450 1227 530 attribuimus,
1260 472 1346 534 quae

167 569 240 624 cum
254 581 295 624 ne
310 565 537 642 argumentum
553 560 684 643 quidem
701 581 775 624 cum
787 559 982 642 Theognide
999 579 1171 626 commune
1187 563 1346 644 habeant,

166 683 302 754 prorsus
330 670 434 735 libere
464 671 647 754 composita
676 677 710 736 et
741 672 870 736 nomine
895 670 995 753 Oymi
1022 671 1135 736 addito
1166 671 1283 737 fraude
1312 672 1346 736 in

168 779 384 864 Theognidea
413 781 509 845 illata
540 788 625 847 sunt.
672 781 766 847 Haec
796 782 900 864 igitur
929 784 1042 864 spuria
1071 788 1148 847 sunt
1170 782 1347 847 iudicanda

168 892 259 957 velut
283 894 387 975 14718.
431 891 514 957 Mihi
542 891 676 974 quidem
701 913 821 974 magna
848 892 992 975 suspicio
1022 899 1172 958 movetur
1194 893 1347 974 quotiens

168 1022 241 1066 cum
276 1002 390 1086 elegiis
428 1001 629 1085 Theognidis
666 1002 816 1084 genuinis
854 1023 1008 1086 comparo
1050 1004 1131 1068 haec
1169 1009 1348 1085 praecepta

169 1112 281 1177 ieiuna
311 1113 354 1177 ad
384 1134 548 1196 unamque
582 1120 619 1178 ut
651 1115 699 1178 ita
727 1113 834 1177 dicam
863 1114 1018 1195 crepidae
1051 1115 1190 1180 formam
1220 1113 1346 1179 confor-

169 1228 275 1287 mata:

194 1367 303 1450 13112;
329 1366 425 1433 Οὐδὲν
447 1367 479 1432 ἐν
500 1366 699 1451 ἀνθρώποισι
722 1368 843 1451 πατρὸς
863 1370 915 1432 καὶ
935 1370 1053 1454 μητρός
1072 1367 1201 1452 ἀμεινον

409 1477 531 1554 ἔπλεθ’,
554 1475 639 1556 ὅτοις
661 1477 737 1564 ὁσίη,
761 1478 872 1562 Κύρνε,
896 1482 1017 1565 μέμηλε
1039 1480 1117 1566 δίκη.

176 1614 301 1698 lutoso:
326 1614 454 1700 Γνώμης
475 1612 590 1680 doridis
607 1614 733 1697 ἄμεινον
755 1611 833 1701 ἀνηρ
854 1614 919 1694 ἔχει
941 1614 1037 1694 οιάτός
1056 1616 1089 1682 ἐν
1111 1614 1208 1702 αὐτῷ.

409 1723 474 1790 οὐδ’
497 1722 724 1813 ἀγνωμοσύνης,
748 1725 852 1810 Κύρν’,
876 1723 1104 1813 ὀδυνηρότερον.

174 1861 303 1947 1223141
327 1860 431 1938 Οὐδέν,
455 1863 563 1948 Κύρν’,
588 1858 684 1949 ἀργῆς
700 1859 897 1944 ἀδικώτερον,
921 1885 940 1947 η
963 1862 1017 1927 τὸν
1039 1861 1149 1943 ἔχοντα

410 1979 570 2058 σημαίνει,
592 1977 687 2058 θυμῷ
707 1972 795 2038 desid
818 1974 1013 2060 χαριζομένη.

175 2109 304 2191 1225161
331 2107 433 2184 Οὐδέν,
459 2108 563 2194 Κύρν’,
580 2106 704 2197 ἀγαθῆς
722 2109 950 2193 γλοκερώτερόν
971 2109 1035 2175 ἐστι
1053 2109 1206 2193 γυναικός.

412 2219 530 2303 μάρτυς
548 2217 620 2300 ἐγώ,
643 2219 678 2282 σύ
700 2220 727 2284 d’
747 2218 818 2301 ἐμοὶ
836 2225 920 2302 γίνου
942 2218 1146 2309 ἀληθοσύνης.

174 2386 224 2453 Of.
247 2409 294 2450 vv.
320 2390 411 2473 11718
436 2410 574 2472 quorum
598 2409 699 2470 supra
722 2389 883 2471 originem
906 2391 1112 2456 edocuimus:

328 2524 483 2612 Κιβόήλοο
504 2519 646 2607 δ’ἀνὸρός
669 2527 784 2608 γνώναι
806 2525 1025 2612 χαλεπώτερον
1047 2524 1144 2602 οὐδέν,

414 2635 518 2719 Κύρν’,
542 2633 757 2721 οάὁέἀλαβιής
776 2635 840 2700 ἐστὶ
863 2638 936 2720 περὶ
956 2638 1095 2714 πλέονος.

262 2787 327 2854 Sed
350 2788 536 2872 monelegia
557 2811 641 2874 quae
662 2795 791 2855 restant
817 2811 883 2855 161
913 2789 1018 2856 audeo
1044 2812 1116 2854 cum
1140 2790 1265 2855 fiducia
1292 2791 1352 2854 ali·

176 2920 242 2982 qua
271 2900 358 2966 inter
385 2922 504 2983 genera
533 2902 592 2966 illa
616 2902 797 2967 discribere
824 2922 897 2965 cum
919 2922 971 2966 166
992 2900 1146 2983 ambigua
1175 2907 1209 2965 et
1230 2919 1352 2981 anceps

176 3010 229 3075 sit.
275 3011 328 3077 Ne
359 3012 400 3077 de
429 3011 495 3077 illis
525 3013 658 3094 quidem
684 3034 769 3094 quae
791 3011 915 3094 protuli
943 3012 1100 3095 exemplis
1128 3012 1210 3078 adeo
1242 3002 1353 3075 certus
1380 3012 1382 3017 '

176 3142 258 3203 sum,
279 3145 356 3187 num
375 3144 433 3187 suo
446 3123 602 3206 quodque
616 3124 728 3205 generi
744 3123 925 3188 tribuerim.
950 3121 1171 3206 Quamobrem
1185 3128 1353 3206 praestare

178 3233 258 3297 mihi
279 3218 409 3299 videtur
431 3235 540 3298 omnia
561 3234 746 3316 menologia
768 3235 802 3297 in
825 3254 927 3296 unum
953 3253 1152 3316 congregare
1177 3241 1210 3297 et
1231 3252 1291 3315 per
1319 3252 1353 3295 se

178 3348 324 3407 tractare
347 3344 389 3408 ab
412 3346 524 3427 elegiis
542 3343 746 3426 Theognidis
766 3342 972 3426 plenioribus
988 3344 1125 3408 seclusa.
1162 3342 1216 3406 Ex
1235 3343 1353 3408 horum

179 3451 393 3518 distichorum
414 3475 514 3537 grege
533 3475 573 3519 ea
596 3476 695 3537 quam
717 3476 817 3538 supra
836 3453 973 3518 fecimus
996 3455 1177 3518 carminum
1194 3452 1355 3535 composi·

177 3564 269 3628 tione
299 3561 440 3628 disticha
468 3561 620 3629 abierunt
649 3567 720 3650 8718
748 3571 781 3630 61
810 3565 936 3650 359160,
965 3570 1174 3630 accesserunt
1194 3563 1354 3628 divisione

180 3653 360 3757 elegiarum
383 3697 432 3738 vv.
455 3676 559 3758 54314.

266 3813 360 3878 Haeo
381 3812 450 3879 fere
472 3812 635 3878 habebam
658 3812 699 3877 de
721 3812 872 3878 distichis
902 3780 1092 3892 monelegiis
1119 3831 1204 3892 quae
1229 3774 1355 3890 vocari,

180 3923 244 3987 nisi
266 3923 354 4006 quod
376 3946 423 3989 vv.
448 3925 561 4006 116112
584 3924 641 4007 qui
666 3931 742 3989 sunt

188 4054 192 4068 ι
241 4074 242 4078 ’
337 4065 454 4134 oddae
475 4067 632 4154 θησαυρὸν
652 4068 842 4154 καταθήσειν
863 4065 971 4130 παισὶν
992 4063 1129 4147 ἄμεινον·

420 4180 558 4246 αἰτοῦσιν
579 4175 746 4263 δ’ἀγαθοῑς
764 4174 901 4262 ἀνδράσι,
921 4175 1032 4259 Κύρνε,
1055 4175 1141 4241 didon
1187 4247 1194 4256 ,ς
1262 4205 1264 4209 ·
