3036 4844
648 253 867 312 -17-

170 443 236 510 teri
258 448 387 511 tanturn
411 443 539 526 abesse,
563 449 601 509 ut
622 442 841 510 usitatissima
862 444 922 511 illa
938 444 1102 526 particula
1117 443 1161 511 ad
1176 456 1292 511 versus
1308 444 1342 510 in

167 536 390 640 suspicionem
406 559 573 626 vocandos
587 558 810 640 impellamur,
826 563 863 625 ut
879 559 1044 641 plerisque
1060 559 1346 644 Theognideorum

170 675 254 742 locis
277 694 436 758 cogamur
459 693 532 741 eam
555 675 650 741 tueri.
698 674 909 758 Quamquam
937 674 1051 758 negari
1078 693 1144 741 non
1166 679 1275 757 potest
1296 675 1346 741 in-

169 790 276 856 veniri
299 792 401 872 locos,
425 791 544 872 quibus
567 791 732 873 pamicula
755 812 796 852 τοι
818 790 854 856 in
876 791 986 858 locum
1006 791 1143 858 alterius
1164 791 1345 858 substituta

168 905 224 973 sit.
273 906 330 972 cfr.
355 925 387 972 v.
414 911 476 971 153
501 910 534 972 et
560 911 624 971 154

376 1058 459 1120 τίκτει
482 1079 522 1120 τοι
544 1061 627 1144 κόρος
650 1056 738 1144 ὓβριν,
761 1059 827 1120 ὅταν
850 1059 931 1142 κακῷ
953 1056 1041 1142 ὄλβος
1064 1057 1155 1142 ἕπητα

305 1157 307 1160 ’
377 1173 521 1259 ἀνθρώπῳ
543 1173 590 1236 καί
613 1175 669 1259 ὅτῳ
693 1173 733 1258 μὴ
757 1176 820 1243 νόος
844 1175 937 1259 ἄρτιος
958 1169 989 1255 ᾖ.

261 1360 365 1427 Cuius
388 1360 519 1427 distichi
542 1379 606 1426 non
630 1361 860 1428 hexametrum
884 1362 1001 1441 solum,
1025 1359 1203 1427 sedetiam
1227 1365 1343 1443 penta-

171 1480 314 1542 metrum
338 1495 356 1541 e
377 1475 517 1557 Solonis
541 1475 594 1543 cui
617 1475 685 1542 iam
700 1477 908 1560 Hartungius
932 1476 1170 1558 vindicaverat,
1195 1475 1344 1542 distichis

169 1611 246 1659 esse
271 1592 435 1658 detortum
458 1591 632 1659 didicimus
656 1611 697 1658 ex
712 1591 903 1658 Aristotehs
919 1588 1078 1675 Ἀθηναίων
1098 1592 1225 1674 πολιτείᾳ
1240 1610 1346 1675 nuper

170 1707 316 1786 inventa,
341 1707 434 1774 cuius
458 1705 623 1788 incapite
647 1705 839 1774 duodecimo
862 1706 1018 1790 legimus:
1208 1687 1210 1693 ’

378 1858 469 1943 δῆμος
491 1857 571 1921 δ’ὠδ’
596 1861 629 1920 ἂν
654 1861 753 1945 ἄριστα
776 1857 826 1921 σὺν
849 1859 1032 1943 ἡγεμόνεσσιν
1058 1858 1150 1921 ἕποιτο

378 1979 452 2059 μήτε
473 1973 537 2036 λίαν
562 1973 674 2044 ἀνεθεὶς
697 1979 770 2060 μήτε
795 1973 964 2058 βιαζόμενος

376 2091 459 2152 τίκτει
482 2091 535 2175 μίρ
558 2092 639 2176 κόρος
663 2088 751 2175 ὓβριν,
774 2091 841 2153 ὅταν
863 2088 952 2160 πολὺς
974 2090 1061 2174 ὄλβος
1085 2090 1186 2174 ἕπηται

288 2207 289 2210 ’
378 2205 564 2291 ἀνθρώποισίν
586 2206 660 2275 ὅσοις
684 2205 724 2290 μὴ
747 2208 810 2276 νόος
833 2208 926 2292 lippo:
947 2203 978 2288 ᾖ.

261 2385 484 2450 Transeamus
512 2403 607 2466 nunc,
636 2384 665 2451 si
693 2386 815 2467 placet,
848 2386 891 2452 ad
919 2404 1036 2452 versus
1071 2391 1271 2467 213—218,
1306 2385 1347 2451 de

172 2497 291 2579 quibus
308 2498 421 2566 Christ
436 2497 571 2584 (Gesoh.
586 2501 616 2567 d.
630 2501 752 2585 griech.
765 2500 952 2568 Litteratur
964 2500 1014 2568 ed.
1031 2501 1075 2582 II,
1091 2521 1123 2583 p.
1140 2500 1216 2586 115)
1232 2501 1348 2568 rectis·

172 2613 254 2680 sime
276 2615 425 2681 indicans
441 2616 509 2682 ullo
526 2618 676 2698 exemplo
692 2605 908 2683 luculentiore
924 2615 1074 2698 patefieri
1088 2623 1190 2701 negat
1205 2617 1344 2683 duarum

171 2730 261 2810 apud
289 2731 511 2814 Theognidem
539 2731 739 2798 exstantium
767 2730 1003 2798 sententiarum
1030 2749 1129 2797 unam
1163 2749 1280 2797 veram
1313 2737 1346 2798 et

172 2847 396 2930 archetypam,
413 2848 552 2913 alteram
569 2845 754 2913 breviorem
769 2851 869 2927 atque
886 2845 929 2912 ad
945 2863 1128 2912 sermonem
1145 2846 1346 2912 cotidianum

172 2964 422 3029 accomodatam
450 2981 533 3029 esse.
579 2961 662 3028 Post
688 2981 720 3027 v.
745 2965 830 3026 1070
846 2962 923 3043 ab,
952 2979 1033 3042 quos
1061 2979 1079 3026 e
1107 2980 1137 3027 ν.
1164 2964 1345 3028 etv—878

173 3083 262 3144 ortos
286 3098 358 3145 esse
381 3078 469 3144 infra
491 3076 686 3157 videbimus
710 3077 793 3142 haec
816 3075 882 3142 duo
906 3074 1048 3142 disticha
1071 3082 1266 3157 sequuntur:

264 3235 347 3295 1071
377 3229 479 3317 Κύρνε,
504 3230 603 3316 φίλους
626 3230 694 3316 πρὸς
716 3234 825 3298 πάντας
849 3227 997 3315 ἐπίστρεφε
1020 3228 1141 3291 ποικίλον
1164 3228 1238 3313 ἦθος

377 3348 540 3430 συμμίσγων
563 3346 648 3433 ὁρμὴν
672 3347 727 3416 οίος
751 3345 869 3414 ἕκαστος
892 3344 954 3431 ἔφυ.

375 3460 424 3522 νῦν
449 3458 499 3543 μὲν
523 3461 591 3545 τῷδ’
618 3461 733 3547 ἐφέπου,
756 3457 818 3522 τοτὲ
842 3459 986 3531 δ’ἀλλοῖος
1008 3460 1096 3523 πέλευ
1119 3461 1216 3547 ὁρμήν·
1333 3480 1335 3484 ·

375 3579 503 3661 κρεῖσσον
526 3597 566 3637 τοι
590 3577 674 3663 σοφίη
697 3576 744 3639 καί
768 3576 898 3661 μεγάλης
921 3578 1035 3662 ἀρετῆς.

261 3753 316 3822 Sic
343 3752 377 3818 hi
405 3773 522 3822 versus
551 3760 584 3821 et
610 3755 644 3821 in
671 3755 705 3821 A
733 3755 826 3820 etin
854 3754 883 3822 O
911 3753 1024 3821 traditi
1053 3758 1129 3820 sunt
1153 3753 1344 3821 leviusculis

171 3868 368 3950 quibusdam
392 3870 512 3937 calami
536 3869 704 3937 erroribus
727 3868 896 3953 neglectis.
943 3868 1008 3953 Qui
1036 3888 1152 3936 versus
1180 3868 1259 3952 quid
1282 3868 1345 3936 sibi

171 3985 273 4050 velint
296 3986 505 4053 manifestum
530 3991 590 4054 est.
638 3986 705 4054 Sed
727 3985 804 4052 vide
828 3984 918 4066 mihi,
942 4003 1041 4066 quam
1064 4004 1129 4051 non
1151 3984 1185 4051 in
1209 3983 1345 4051 alterius

168 4098 303 4166 distichi
340 4102 532 4169 hexametro
572 4101 736 4169 sententia
773 4099 892 4182 prioris
935 4098 1143 4167 continuetur
1181 4119 1345 4183 quamque

170 4215 368 4299 vulgariter,
403 4237 444 4283 ne
479 4217 587 4284 dicam
621 4218 730 4300 inepte
765 4221 969 4298 pentameter
1006 4214 1113 4283 cadat.
1176 4218 1347 4302 Quantum

170 4332 288 4399 mutati
313 4333 355 4399 ab
379 4332 452 4401 istis
476 4334 675 4418 Theognidis
698 4341 816 4400 versus
840 4336 1016 4399 213-218

354 4441 357 4447 '
1115 4439 1133 4494 2
