3036 4844
651 278 862 339 2-37-

170 468 239 533 eius
265 468 425 550 diversas,
457 491 496 535 ex
526 471 645 554 quibus
677 477 794 555 postea
815 476 950 536 nostrae
980 471 1128 555 syllogae
1157 478 1347 539 contractae

170 586 262 662 aunt,
290 581 563 647 animadvertisse
596 586 676 664 puto
702 581 929 665 Theognidem
959 581 1000 646 ab
1033 602 1143 647 amore
1172 603 1348 664 puerorum

170 711 235 756 non
258 691 402 756 alienum
425 713 496 758 esse
527 712 635 775 neque
657 698 769 756 tamen
791 713 861 757 rem
885 694 1193 758 commemoratione
1214 691 1347 775 dignam

171 801 301 867 duxisse
330 810 389 869 aut
418 803 493 868 inde
522 801 613 867 laudi
638 809 758 886 poetae
788 804 965 885 quicquam
991 802 1187 868 detractum.
1242 803 1346 887 Apud

169 912 302 978 Atticos
320 914 407 978 enim
430 919 500 978 tum
520 915 635 978 vitium
657 913 740 978 illud
756 912 913 978 sollemne
933 918 1005 979 erat
1029 935 1135 997 neque
1158 915 1190 976 in
1213 913 1348 980 infamia

170 1022 361 1104 habebatur,
392 1025 483 1108 quod
506 1024 735 1089 demonstrant
754 1046 834 1089 vasa
856 1022 972 1090 fictilia
994 1032 1028 1089 et
1049 1025 1175 1106 scripta
1197 1023 1347 1088 Platonis

170 1154 242 1202 cum
270 1136 336 1200 alia
364 1141 435 1200 tum
457 1135 628 1200 Phaedrus
659 1141 692 1200 et
718 1134 913 1201 Conuiuium
924 1138 961 1216 1).
1006 1135 1092 1201 Utut
1121 1134 1162 1200 ds
1190 1135 1241 1198 his
1264 1134 1348 1211 iudi·

170 1243 309 1325 cabitur,
328 1267 388 1310 nos
407 1246 470 1310 hoc
492 1247 575 1310 iuris
598 1246 693 1311 nobis
715 1248 872 1311 sumimus
896 1269 936 1312 ex
952 1245 1143 1328 Theognide
1165 1246 1238 1328 ipso
1256 1244 1347 1309 colli·

171 1354 269 1438 gandi
300 1356 408 1438 qualis
435 1356 553 1436 fuerit3
583 1378 776 1422 revocamus
802 1359 903 1439 igitur
934 1357 975 1421 ad
1000 1377 1147 1440 eaquae
1171 1376 1347 1439 supraex·

169 1466 363 1549 plicavimus
385 1489 416 1550 p.
435 1472 463 1532 7.
875 1553 878 1560 Ι

254 1577 432 1660 Reliquum
456 1583 522 1656 est,
552 1584 590 1642 ut
612 1597 795 1642 sermonem
822 1584 943 1659 poetae
972 1579 1079 1642 nostri
1101 1579 1153 1643 vel
1174 1584 1348 1660 poetarum

168 1688 283 1771 paucis
310 1686 418 1753 verbis
448 1694 632 1769 tangamus.
684 1687 834 1751 Fuerunt
864 1688 951 1751 enim
983 1689 1039 1770 qui
1071 1688 1134 1752 sibi
1164 1688 1286 1752 formas
1315 1695 1348 1754 et

169 1799 268 1865 verba
293 1799 514 1881 posteriorum
546 1806 731 1881 temporum
761 1799 897 1880 propria
926 1798 960 1861 in
983 1798 1163 1880 appendice
1184 1796 1348 1863 detexisse

168 1909 366 1975 viderentur.
412 1907 675 1974 Herwerdenum
699 1907 772 1972 dico
802 1910 846 1990 (p.
867 1912 907 1970 14
929 1914 963 1972 11
987 1911 1055 1989 15),
1087 1909 1179 1972 cuins
1209 1909 1348 1974 crimina

169 2041 236 2085 non
264 2021 374 2102 magni
402 2019 560 2085 momenti
591 2025 668 2083 sunt
698 2039 848 2101 quaeque
879 2017 1027 2083 Oorsenn
1058 2020 1101 2102 (p.
1128 2023 1166 2081 31
1181 2019 1246 2101 sq.)
1277 2020 1347 2083 iure

168 2130 304 2211 reiecit,
335 2136 368 2195 et
390 2129 567 2196 Oouatium
602 2131 648 2211 (in
679 2129 767 2193 notis
795 2128 936 2192 versioni
959 2127 1115 2213 additis),
1145 2149 1241 2210 quem
1269 2129 1347 2193 item

169 2242 368 2323 argumentis
396 2241 478 2327 satis
505 2240 659 2324 gravibus
683 2239 831 2319 Η111111)
860 2239 1042 2322 reppulisse
1072 2239 1151 2304 mihi
1174 2242 1262 2305 visus
1285 2244 1345 2304 est.

169 2350 296 2417 Contra
313 2350 427 2417 Hiller
438 2351 465 2436 8)
490 2357 523 2416 11
539 2351 687 2417 Oorsenn
712 2372 893 2416 sermonem
909 2351 1090 2435 simplicem
1107 2358 1141 2417 st
1157 2352 1346 2429 dilucidum,

169 2463 387 2527 elocutionem
405 2462 569 2543 elegantia
590 2484 653 2526 non
670 2469 847 2540 carentem,
870 2463 1071 2527 imitationes
1090 2464 1248 2529 sermonis
1264 2463 1348 2544 epici

168 2574 238 2638 late
259 2579 411 2657 patentes
434 2570 560 2636 indicia
579 2574 661 2637 satis
685 2593 804 2654 magna
827 2593 898 2637 esse
922 2572 1057 2654 docent,
1087 2574 1205 2656 quibus
1225 2594 1347 2656 appen-

169 2683 275 2750 dicem
315 2689 393 2748 ante
428 2682 733 2749 Alexandrinorum
775 2690 926 2766 tempora
960 2684 1127 2748 conditam
1168 2685 1345 2748 evincatur.

169 2793 292 2862 Confer
322 2795 422 2859 etiam
452 2813 533 2876 quas
556 2792 707 2860 Oorsenn
729 2793 770 2859 de
797 2799 869 2858 arte
893 2800 1011 2877 poetae
1035 2815 1189 2859 versuum
1218 2814 1346 2875 compo·

170 2907 354 2971 nendorum
370 2908 404 2968 et
419 2903 547 2984 legibus
569 2904 716 2968 metricis
741 2903 915 2985 diligenter
937 2904 1073 2968 servatis
1097 2903 1346 2968 observationes

173 3017 339 3100 congessit
360 3036 392 3096 p.
410 3017 549 3078 32-35.

254 3124 363 3192 Unam
400 3129 511 3189 autem
538 3146 578 3189 ex
609 3124 705 3189 rebus
744 3124 888 3189 metricis
918 3144 1016 3207 quam
1046 3123 1103 3188 1111
1132 3125 1257 3203 omisit,
1294 3124 1347 3189 hic

169 3237 314 3302 breviter
328 3241 475 3301 tractare
498 3235 608 3313 liceat,
631 3254 727 3298 usum
746 3235 920 3318 positionis
944 3234 1071 3300 debilis.
1105 3233 1181 3300 Hac
1203 3256 1239 3299 11
1261 3235 1349 3301 enim

167 3354 287 3432 poetae
309 3345 439 3428 antiqui
462 3344 503 3410 ab
530 3344 741 3412 inferioribus
764 3348 906 3412 maxime
930 3346 1118 3430 discrepare
1142 3347 1261 3412 solent.
1306 3345 1348 3411 In

168 3456 276 3523 vocali
304 3463 415 3522 autem
445 3463 566 3522 natura
592 3456 684 3522 brevi
711 3465 788 3523 ante
822 3466 947 3523 mutam
982 3477 1055 3520 cum
1088 3457 1216 3540 liquida
1246 3459 1349 3523 corri-

169 3568 289 3653 pienda
322 3568 402 3651 quid
433 3573 552 3651 poetae
584 3567 784 3632 diversorum
815 3576 999 3652 temporum
1032 3568 1095 3633 sibi
1127 3568 1347 3651 permiserint,

170 3680 291 3762 optime
314 3678 396 3742 disci
420 3684 532 3761 potest
554 3700 594 3743 ex
617 3677 822 3744 Goebelii
850 3679 1082 3744 dissertatione
1106 3699 1136 3760 q.
1150 3680 1170 3742 i.
1201 3676 1253 3743 ‘de
1276 3699 1348 3742 cor-

257 3875 280 3942 ¹)
298 3872 444 3928 Eiusmodi
470 3873 524 3926 loci
546 3873 650 3942 legenti
673 3874 776 3940 passim
793 3890 822 3926 se
846 3873 983 3936 offerunt,
1008 3875 1039 3922 ut
1063 3872 1092 3922 in
1116 3869 1237 3923 Menona
1260 3871 1294 3921 76
1313 3871 1347 3925 Β.

171 3957 227 4027 Qui
252 3959 327 4012 enim
352 3957 414 4013 fieri
437 3963 532 4029 posset
555 3963 588 4012 ut
611 3958 719 4012 iuvenis
742 3957 816 4011 hunc
842 3958 934 4011 iocum
960 3972 1049 4022 aequo
1074 3956 1166 4008 animo
1191 3953 1278 4008 ferret
1295 3957 1349 4010 nisi

169 4042 237 4097 talia
255 4044 383 4112 vulgaria
399 4044 518 4099 fuissent
537 4048 565 4098 et
583 4044 661 4112 quasi
679 4043 708 4095 in
728 4046 792 4096 adra
810 4040 971 4096 versantia?

256 4145 279 4217 ¹)
297 4146 453 4202 Jaarauer.
471 4148 493 4214 f.
512 4146 595 4201 11111.
613 4145 714 4200 Δ1111111.
736 4146 802 4199 1883
819 4163 846 4214 p.
866 4145 925 4198 259.

256 4248 279 4316 ³)
300 4246 490 4314 1111111111
508 4247 588 4302 blora
607 4247 680 4302 Pbil.
701 4249 767 4301 1881
786 4265 812 4316 p.
826 4248 886 4300 471.
