<?xml version="1.0" encoding="UTF-8"?>
<!DOCTYPE html PUBLIC "-//W3C//DTD XHTML 1.0 Transitional//EN"
    "http://www.w3.org/TR/xhtml1/DTD/xhtml1-transitional.dtd">
<html xmlns="http://www.w3.org/1999/xhtml" xml:lang="en" lang="en">
 <head>
  <title>
</title>
<meta http-equiv="Content-Type" content="text/html;charset=utf-8" />
  <meta name='ocr-system' content='tesseract 3.04.00' />
  <meta name='ocr-capabilities' content='ocr_page ocr_carea ocr_par ocr_line ocrx_word'/>
</head>
<body>
  <div class='ocr_page' id='page_1' title='image "./studiatheognide00lucagoog_0119.png"; bbox 0 0 3036 4844; ppageno 0'>
   <div class='ocr_carea' id='block_1_1' title="bbox 644 247 863 307">
    <p class='ocr_par' dir='ltr' id='par_1_1' title="bbox 644 247 863 307">
     <span class='ocr_line' id='line_1_1' title="bbox 644 247 863 307; baseline 0 -21"><span class='ocrx_word' id='word_1_1' title='bbox 644 247 863 307; x_wconf 70' lang='lat'>-12-</span> 
     </span>
    </p>
   </div>
   <div class='ocr_carea' id='block_1_2' title="bbox 167 435 1350 3636">
    <p class='ocr_par' dir='ltr' id='par_1_2' title="bbox 167 435 1020 621">
     <span class='ocr_line' id='line_1_2' title="bbox 411 435 1020 523; baseline 0 -23"><span class='ocrx_word' id='word_1_2' title='bbox 411 478 414 491; x_wconf 85' lang='lat'><em>·</em></span> <span class='ocrx_word' id='word_1_3' title='bbox 435 438 519 501; x_wconf 80' lang='grc' dir='ltr'>ἄκουε</span> <span class='ocrx_word' id='word_1_4' title='bbox 542 435 628 522; x_wconf 75' lang='grc' dir='ltr'>δὴνυν</span> <span class='ocrx_word' id='word_1_5' title='bbox 651 436 697 499; x_wconf 87' lang='grc' dir='ltr'><strong>καὶ</strong></span> <span class='ocrx_word' id='word_1_6' title='bbox 720 435 756 500; x_wconf 82' lang='grc' dir='ltr'><strong>σὺ</strong></span> <span class='ocrx_word' id='word_1_7' title='bbox 777 436 860 523; x_wconf 75' lang='grc' dir='ltr'>δεῦρο</span> <span class='ocrx_word' id='word_1_8' title='bbox 882 442 945 498; x_wconf 81' lang='grc' dir='ltr'>νοῦν</span> <span class='ocrx_word' id='word_1_9' title='bbox 969 435 1020 522; x_wconf 82' lang='grc' dir='ltr'><strong>ἔχε</strong></span> 
     </span>
     <span class='ocr_line' id='line_1_3' title="bbox 167 553 452 621; baseline 0 -3"><span class='ocrx_word' id='word_1_10' title='bbox 167 557 202 619; x_wconf 86' lang='lat' dir='ltr'><strong>et</strong></span> <span class='ocrx_word' id='word_1_11' title='bbox 222 553 347 621; x_wconf 90' lang='lat' dir='ltr'><strong>Phoeu.</strong></span> <span class='ocrx_word' id='word_1_12' title='bbox 372 557 452 619; x_wconf 84' lang='lat'>360:</span> 
     </span>
    </p>

    <p class='ocr_par' dir='ltr' id='par_1_3' title="bbox 434 668 718 752">
     <span class='ocr_line' id='line_1_4' title="bbox 434 668 718 752; baseline 0 -21"><span class='ocrx_word' id='word_1_13' title='bbox 434 670 466 740; x_wconf 78' lang='grc' dir='ltr'><strong>ὃς</strong></span> <span class='ocrx_word' id='word_1_14' title='bbox 488 668 619 740; x_wconf 72' lang='grc' dir='ltr'>δ’ἀλλιος</span> <span class='ocrx_word' id='word_1_15' title='bbox 635 669 718 752; x_wconf 74' lang='grc' dir='ltr'>λέγει</span> 
     </span>
    </p>

    <p class='ocr_par' dir='ltr' id='par_1_4' title="bbox 168 780 1343 1358">
     <span class='ocr_line' id='line_1_5' title="bbox 434 780 1075 871; baseline 0 -23"><span class='ocrx_word' id='word_1_16' title='bbox 434 784 537 868; x_wconf 79' lang='grc' dir='ltr'>λόγοισι</span> <span class='ocrx_word' id='word_1_17' title='bbox 560 787 661 871; x_wconf 78' lang='grc' dir='ltr'><strong>χαίρει,</strong></span> <span class='ocrx_word' id='word_1_18' title='bbox 684 785 730 848; x_wconf 82' lang='grc' dir='ltr'><strong>τὸν</strong></span> <span class='ocrx_word' id='word_1_19' title='bbox 754 784 786 848; x_wconf 77' lang='grc' dir='ltr'><strong>δὲ</strong></span> <span class='ocrx_word' id='word_1_20' title='bbox 808 785 872 847; x_wconf 82' lang='grc' dir='ltr'>νοῦν</span> <span class='ocrx_word' id='word_1_21' title='bbox 896 780 984 849; x_wconf 63' lang='lat' dir='ltr'><strong>aneio*</strong></span> <span class='ocrx_word' id='word_1_22' title='bbox 1006 783 1075 871; x_wconf 75' lang='grc' dir='ltr'>ἔχει,</span> 
     </span>
     <span class='ocr_line' id='line_1_6' title="bbox 168 926 1342 1013; baseline 0.001 -21"><span class='ocrx_word' id='word_1_23' title='bbox 168 926 216 993; x_wconf 77' lang='lat' dir='ltr'><strong>ita</strong></span> <span class='ocrx_word' id='word_1_24' title='bbox 244 927 332 1009; x_wconf 77' lang='lat' dir='ltr'><strong>apud</strong></span> <span class='ocrx_word' id='word_1_25' title='bbox 356 927 579 1010; x_wconf 80' lang='lat' dir='ltr'><strong>Theognidem</strong></span> <span class='ocrx_word' id='word_1_26' title='bbox 602 931 664 989; x_wconf 92' lang='grc' dir='ltr'>νοόν</span> <span class='ocrx_word' id='word_1_27' title='bbox 688 927 767 1013; x_wconf 78' lang='grc' dir='ltr'>δ’ἔχε</span> <span class='ocrx_word' id='word_1_28' title='bbox 789 927 836 989; x_wconf 86' lang='grc' dir='ltr'><strong>καὶ</strong></span> <span class='ocrx_word' id='word_1_29' title='bbox 858 927 964 1013; x_wconf 82' lang='grc' dir='ltr'>φρένας</span> <span class='ocrx_word' id='word_1_30' title='bbox 987 927 1066 1009; x_wconf 76' lang='grc' dir='ltr'>ἄλλῃ</span> <span class='ocrx_word' id='word_1_31' title='bbox 1095 927 1278 994; x_wconf 75' lang='lat' dir='ltr'><strong>rectissime</strong></span> <span class='ocrx_word' id='word_1_32' title='bbox 1306 940 1342 993; x_wconf 69' lang='lat' dir='ltr'><strong>se</strong></span> 
     </span>
     <span class='ocr_line' id='line_1_7' title="bbox 169 1042 1343 1125; baseline 0 -17"><span class='ocrx_word' id='word_1_33' title='bbox 169 1043 277 1109; x_wconf 88' lang='lat' dir='ltr'><strong>habet.</strong></span> <span class='ocrx_word' id='word_1_34' title='bbox 323 1044 426 1110; x_wconf 88' lang='lat' dir='ltr'><strong>Recte</strong></span> <span class='ocrx_word' id='word_1_35' title='bbox 449 1043 529 1108; x_wconf 92' lang='lat' dir='ltr'><strong>mihi</strong></span> <span class='ocrx_word' id='word_1_36' title='bbox 552 1043 824 1111; x_wconf 71' lang='lat' dir='ltr'><strong>fecisse‘vidotur</strong></span> <span class='ocrx_word' id='word_1_37' title='bbox 847 1043 970 1123; x_wconf 80' lang='lat' dir='ltr'><strong>Hiller‚</strong></span> <span class='ocrx_word' id='word_1_38' title='bbox 994 1043 1081 1125; x_wconf 91' lang='lat' dir='ltr'><strong>quod</strong></span> <span class='ocrx_word' id='word_1_39' title='bbox 1104 1043 1138 1109; x_wconf 94' lang='lat' dir='ltr'><strong>in</strong></span> <span class='ocrx_word' id='word_1_40' title='bbox 1161 1042 1343 1110; x_wconf 87' lang='lat' dir='ltr'><strong>novissima</strong></span> 
     </span>
     <span class='ocr_line' id='line_1_8' title="bbox 168 1157 1342 1242; baseline 0.002 -18"><span class='ocrx_word' id='word_1_41' title='bbox 168 1158 392 1242; x_wconf 80' lang='lat' dir='ltr'><strong>Anthologiae</strong></span> <span class='ocrx_word' id='word_1_42' title='bbox 413 1157 555 1242; x_wconf 77' lang='lat' dir='ltr'><strong>Lyrieae</strong></span> <span class='ocrx_word' id='word_1_43' title='bbox 578 1158 721 1225; x_wconf 78' lang='lat' dir='ltr'>editione</span> <span class='ocrx_word' id='word_1_44' title='bbox 743 1159 880 1242; x_wconf 86' lang='lat' dir='ltr'><strong>Bergkii</strong></span> <span class='ocrx_word' id='word_1_45' title='bbox 908 1161 1095 1242; x_wconf 86' lang='lat' dir='ltr'><strong>exemplum</strong></span> <span class='ocrx_word' id='word_1_46' title='bbox 1121 1178 1186 1226; x_wconf 92' lang='lat' dir='ltr'><strong>uon</strong></span> <span class='ocrx_word' id='word_1_47' title='bbox 1210 1166 1342 1226; x_wconf 88' lang='lat' dir='ltr'><strong>secutus</strong></span> 
     </span>
     <span class='ocr_line' id='line_1_9' title="bbox 169 1273 1123 1358; baseline 0.003 -19"><span class='ocrx_word' id='word_1_48' title='bbox 169 1273 260 1355; x_wconf 86' lang='lat' dir='ltr'><strong>prius</strong></span> <span class='ocrx_word' id='word_1_49' title='bbox 283 1273 446 1341; x_wconf 78' lang='lat' dir='ltr'>distichon</span> <span class='ocrx_word' id='word_1_50' title='bbox 469 1275 512 1340; x_wconf 89' lang='lat' dir='ltr'><strong>ab</strong></span> <span class='ocrx_word' id='word_1_51' title='bbox 536 1274 594 1356; x_wconf 79' lang='lat' dir='ltr'><strong>eiu,</strong></span> <span class='ocrx_word' id='word_1_52' title='bbox 618 1293 704 1356; x_wconf 88' lang='lat' dir='ltr'><strong>quae</strong></span> <span class='ocrx_word' id='word_1_53' title='bbox 727 1282 920 1357; x_wconf 78' lang='lat' dir='ltr'><strong>sequuntur,</strong></span> <span class='ocrx_word' id='word_1_54' title='bbox 944 1275 1123 1358; x_wconf 67' lang='lat' dir='ltr'><strong>sapuerit.</strong></span> 
     </span>
    </p>

    <p class='ocr_par' dir='ltr' id='par_1_5' title="bbox 167 1390 1341 1826">
     <span class='ocr_line' id='line_1_10' title="bbox 258 1390 1337 1474; baseline 0.002 -20"><span class='ocrx_word' id='word_1_55' title='bbox 258 1390 385 1456; x_wconf 82' lang='lat' dir='ltr'><strong>Versus</strong></span> <span class='ocrx_word' id='word_1_56' title='bbox 409 1395 450 1456; x_wconf 83' lang='grc'><strong>87</strong></span> <span class='ocrx_word' id='word_1_57' title='bbox 475 1396 510 1456; x_wconf 91' lang='lat' dir='ltr'><strong>et</strong></span> <span class='ocrx_word' id='word_1_58' title='bbox 532 1396 575 1456; x_wconf 85' lang='lat'><strong>88</strong></span> <span class='ocrx_word' id='word_1_59' title='bbox 603 1391 652 1458; x_wconf 86' lang='lat' dir='ltr'><strong>ita</strong></span> <span class='ocrx_word' id='word_1_60' title='bbox 679 1391 793 1474; x_wconf 85' lang='lat' dir='ltr'><strong>scripti</strong></span> <span class='ocrx_word' id='word_1_61' title='bbox 820 1396 859 1457; x_wconf 90' lang='lat' dir='ltr'><strong>ut</strong></span> <span class='ocrx_word' id='word_1_62' title='bbox 885 1392 995 1474; x_wconf 85' lang='lat' dir='ltr'><strong>priore</strong></span> <span class='ocrx_word' id='word_1_63' title='bbox 1022 1393 1094 1459; x_wconf 93' lang='lat' dir='ltr'><strong>loco</strong></span> <span class='ocrx_word' id='word_1_64' title='bbox 1121 1392 1239 1460; x_wconf 78' lang='lat' dir='ltr'><strong>traditi</strong></span> <span class='ocrx_word' id='word_1_65' title='bbox 1264 1400 1337 1458; x_wconf 90' lang='lat' dir='ltr'><strong>sunt</strong></span> 
     </span>
     <span class='ocr_line' id='line_1_11' title="bbox 170 1486 1337 1592; baseline 0 -20"><span class='ocrx_word' id='word_1_66' title='bbox 170 1524 230 1587; x_wconf 84' lang='lat' dir='ltr'><strong>per</strong></span> <span class='ocrx_word' id='word_1_67' title='bbox 257 1525 293 1572; x_wconf 85' lang='lat' dir='ltr'><strong>se</strong></span> <span class='ocrx_word' id='word_1_68' title='bbox 321 1513 411 1574; x_wconf 89' lang='lat' dir='ltr'><strong>stare</strong></span> <span class='ocrx_word' id='word_1_69' title='bbox 439 1512 473 1573; x_wconf 91' lang='lat' dir='ltr'><strong>et</strong></span> <span class='ocrx_word' id='word_1_70' title='bbox 500 1486 639 1590; x_wconf 83' lang='lat' dir='ltr'><strong>possunt</strong></span> <span class='ocrx_word' id='word_1_71' title='bbox 661 1515 696 1574; x_wconf 88' lang='lat' dir='ltr'><strong>et</strong></span> <span class='ocrx_word' id='word_1_72' title='bbox 718 1508 848 1575; x_wconf 90' lang='lat' dir='ltr'><strong>debent.</strong></span> <span class='ocrx_word' id='word_1_73' title='bbox 896 1509 961 1592; x_wconf 80' lang='lat' dir='ltr'><strong>Qui</strong></span> <span class='ocrx_word' id='word_1_74' title='bbox 988 1509 1051 1575; x_wconf 90' lang='lat' dir='ltr'><strong>hoo</strong></span> <span class='ocrx_word' id='word_1_75' title='bbox 1078 1508 1241 1575; x_wconf 75' lang='lat' dir='ltr'>distichon</span> <span class='ocrx_word' id='word_1_76' title='bbox 1267 1527 1337 1576; x_wconf 87' lang='lat' dir='ltr'><strong>oum</strong></span> 
     </span>
     <span class='ocr_line' id='line_1_12' title="bbox 167 1622 1341 1706; baseline 0.001 -18"><span class='ocrx_word' id='word_1_77' title='bbox 167 1622 276 1690; x_wconf 87' lang='lat' dir='ltr'><strong>altero</strong></span> <span class='ocrx_word' id='word_1_78' title='bbox 308 1623 568 1706; x_wconf 84' lang='lat' dir='ltr'><strong>coniungcudum</strong></span> <span class='ocrx_word' id='word_1_79' title='bbox 601 1626 773 1706; x_wconf 82' lang='lat' dir='ltr'><strong>censebat,</strong></span> <span class='ocrx_word' id='word_1_80' title='bbox 806 1625 837 1691; x_wconf 91' lang='lat' dir='ltr'><strong>ei</strong></span> <span class='ocrx_word' id='word_1_81' title='bbox 864 1625 897 1691; x_wconf 91' lang='lat' dir='ltr'><strong>in</strong></span> <span class='ocrx_word' id='word_1_82' title='bbox 924 1624 1017 1691; x_wconf 91' lang='lat' dir='ltr'><strong>initio</strong></span> <span class='ocrx_word' id='word_1_83' title='bbox 1045 1624 1184 1692; x_wconf 87' lang='lat' dir='ltr'><strong>alterius</strong></span> <span class='ocrx_word' id='word_1_84' title='bbox 1212 1623 1341 1691; x_wconf 81' lang='lat' dir='ltr'><strong>distichi</strong></span> 
     </span>
     <span class='ocr_line' id='line_1_13' title="bbox 170 1738 1040 1826; baseline 0.002 -21"><span class='ocrx_word' id='word_1_85' title='bbox 170 1738 275 1805; x_wconf 83' lang='lat' dir='ltr'><strong>verba</strong></span> <span class='ocrx_word' id='word_1_86' title='bbox 296 1738 316 1821; x_wconf 83' lang='grc' dir='ltr'>ἠ</span> <span class='ocrx_word' id='word_1_87' title='bbox 341 1759 377 1821; x_wconf 82' lang='grc' dir='ltr'><strong>με</strong></span> <span class='ocrx_word' id='word_1_88' title='bbox 398 1739 474 1824; x_wconf 77' lang='grc' dir='ltr'>φίλει</span> <span class='ocrx_word' id='word_1_89' title='bbox 496 1739 530 1805; x_wconf 95' lang='lat' dir='ltr'><strong>in</strong></span> <span class='ocrx_word' id='word_1_90' title='bbox 554 1739 633 1803; x_wconf 81' lang='grc' dir='ltr'><strong>ἀλλὰ</strong></span> <span class='ocrx_word' id='word_1_91' title='bbox 656 1738 730 1826; x_wconf 73' lang='grc' dir='ltr'>φίλει</span> <span class='ocrx_word' id='word_1_92' title='bbox 754 1740 914 1807; x_wconf 87' lang='lat' dir='ltr'><strong>mutanda</strong></span> <span class='ocrx_word' id='word_1_93' title='bbox 937 1747 1040 1807; x_wconf 85' lang='lat' dir='ltr'><strong>erant.</strong></span> 
     </span>
    </p>

    <p class='ocr_par' dir='ltr' id='par_1_6' title="bbox 259 1855 563 1922">
     <span class='ocr_line' id='line_1_14' title="bbox 259 1855 563 1922; baseline 0 -2"><span class='ocrx_word' id='word_1_94' title='bbox 259 1855 385 1922; x_wconf 80' lang='lat' dir='ltr'>Versus</span> <span class='ocrx_word' id='word_1_95' title='bbox 409 1860 563 1921; x_wconf 83' lang='lat'>97-100</span> 
     </span>
    </p>

    <p class='ocr_par' dir='ltr' id='par_1_7' title="bbox 331 1996 1051 2086">
     <span class='ocr_line' id='line_1_15' title="bbox 331 1996 1051 2086; baseline 0.001 -26"><span class='ocrx_word' id='word_1_96' title='bbox 331 1996 400 2060; x_wconf 80' lang='grc' dir='ltr'>ἀλλ’</span> <span class='ocrx_word' id='word_1_97' title='bbox 418 1999 462 2082; x_wconf 80' lang='grc' dir='ltr'><strong>εἴη</strong></span> <span class='ocrx_word' id='word_1_98' title='bbox 478 2003 599 2068; x_wconf 75' lang='grc' dir='ltr'>τοιοῦτος</span> <span class='ocrx_word' id='word_1_99' title='bbox 622 1997 683 2082; x_wconf 78' lang='grc' dir='ltr'>ἐμοὶ</span> <span class='ocrx_word' id='word_1_100' title='bbox 706 1999 797 2085; x_wconf 75' lang='grc' dir='ltr'>φίλος,</span> <span class='ocrx_word' id='word_1_101' title='bbox 820 1999 851 2069; x_wconf 78' lang='grc' dir='ltr'><strong>ὃς</strong></span> <span class='ocrx_word' id='word_1_102' title='bbox 873 1999 920 2062; x_wconf 85' lang='grc' dir='ltr'><strong>τὸν</strong></span> <span class='ocrx_word' id='word_1_103' title='bbox 944 1999 1051 2086; x_wconf 75' lang='grc' dir='ltr'>ἑταῖρον</span> 
     </span>
    </p>

    <p class='ocr_par' dir='ltr' id='par_1_8' title="bbox 330 2113 956 2202">
     <span class='ocr_line' id='line_1_16' title="bbox 330 2113 956 2202; baseline 0.006 -28"><span class='ocrx_word' id='word_1_104' title='bbox 330 2115 475 2196; x_wconf 81' lang='grc' dir='ltr'>γινώσκων</span> <span class='ocrx_word' id='word_1_105' title='bbox 497 2113 583 2200; x_wconf 79' lang='grc' dir='ltr'>ὀργὴν</span> <span class='ocrx_word' id='word_1_106' title='bbox 605 2114 652 2177; x_wconf 83' lang='grc' dir='ltr'><strong>καὶ</strong></span> <span class='ocrx_word' id='word_1_107' title='bbox 677 2113 765 2200; x_wconf 82' lang='grc' dir='ltr'>βαρὺν</span> <span class='ocrx_word' id='word_1_108' title='bbox 787 2115 855 2178; x_wconf 82' lang='grc' dir='ltr'>ὄντα</span> <span class='ocrx_word' id='word_1_109' title='bbox 877 2115 956 2202; x_wconf 83' lang='grc' dir='ltr'>φέρει</span> 
     </span>
    </p>

    <p class='ocr_par' dir='ltr' id='par_1_9' title="bbox 208 2224 1160 2318">
     <span class='ocr_line' id='line_1_17' title="bbox 208 2224 1160 2318; baseline 0.003 -27"><span class='ocrx_word' id='word_1_110' title='bbox 208 2278 212 2284; x_wconf 87' lang='grc'>.</span> <span class='ocrx_word' id='word_1_111' title='bbox 333 2229 393 2291; x_wconf 84' lang='grc' dir='ltr'>ἀντὶ</span> <span class='ocrx_word' id='word_1_112' title='bbox 414 2234 595 2314; x_wconf 76' lang='grc' dir='ltr'>κασιγνήτου·</span> <span class='ocrx_word' id='word_1_113' title='bbox 619 2224 654 2292; x_wconf 82' lang='grc' dir='ltr'><strong>σὺ</strong></span> <span class='ocrx_word' id='word_1_114' title='bbox 677 2229 709 2292; x_wconf 76' lang='grc' dir='ltr'><strong>δέ</strong></span> <span class='ocrx_word' id='word_1_115' title='bbox 732 2253 787 2312; x_wconf 79' lang='grc' dir='ltr'>μοι,</span> <span class='ocrx_word' id='word_1_116' title='bbox 810 2230 886 2318; x_wconf 71' lang='grc' dir='ltr'>φίλε,</span> <span class='ocrx_word' id='word_1_117' title='bbox 908 2232 988 2295; x_wconf 81' lang='grc' dir='ltr'>ταῦτ’</span> <span class='ocrx_word' id='word_1_118' title='bbox 1013 2231 1052 2295; x_wconf 81' lang='grc' dir='ltr'><strong>ἐνὶ</strong></span> <span class='ocrx_word' id='word_1_119' title='bbox 1074 2232 1160 2317; x_wconf 66' lang='lat' dir='ltr'><strong>hunni</strong></span> 
     </span>
    </p>

    <p class='ocr_par' dir='ltr' id='par_1_10' title="bbox 172 2335 1350 3254">
     <span class='ocr_line' id='line_1_18' title="bbox 331 2335 987 2431; baseline 0.003 -24"><span class='ocrx_word' id='word_1_120' title='bbox 331 2349 454 2431; x_wconf 71' lang='grc' dir='ltr'>φράζεο,</span> <span class='ocrx_word' id='word_1_121' title='bbox 476 2344 523 2406; x_wconf 83' lang='grc' dir='ltr'><strong>καὶ</strong></span> <span class='ocrx_word' id='word_1_122' title='bbox 546 2345 612 2407; x_wconf 83' lang='grc' dir='ltr'>ποτέ</span> <span class='ocrx_word' id='word_1_123' title='bbox 635 2368 688 2427; x_wconf 81' lang='grc' dir='ltr'>μου</span> <span class='ocrx_word' id='word_1_124' title='bbox 711 2351 832 2431; x_wconf 72' lang='grc' dir='ltr'>γενήσεαι</span> <span class='ocrx_word' id='word_1_125' title='bbox 856 2335 987 2418; x_wconf 72' lang='grc' dir='ltr'>ἐξοπίσω.</span> 
     </span>
     <span class='ocr_line' id='line_1_19' title="bbox 172 2488 1346 2571; baseline 0.003 -16"><span class='ocrx_word' id='word_1_126' title='bbox 172 2494 248 2571; x_wconf 86' lang='lat' dir='ltr'><strong>post</strong></span> <span class='ocrx_word' id='word_1_127' title='bbox 270 2510 302 2555; x_wconf 86' lang='lat' dir='ltr'><strong>v.</strong></span> <span class='ocrx_word' id='word_1_128' title='bbox 329 2493 415 2555; x_wconf 85' lang='grc'><strong>1164</strong></span> <span class='ocrx_word' id='word_1_129' title='bbox 438 2488 488 2555; x_wconf 90' lang='lat' dir='ltr'><strong>ita</strong></span> <span class='ocrx_word' id='word_1_130' title='bbox 510 2494 718 2571; x_wconf 80' lang='lat' dir='ltr'><strong>repetuntur,</strong></span> <span class='ocrx_word' id='word_1_131' title='bbox 747 2494 785 2556; x_wconf 89' lang='lat' dir='ltr'><strong>ut</strong></span> <span class='ocrx_word' id='word_1_132' title='bbox 807 2510 838 2555; x_wconf 85' lang='lat' dir='ltr'><strong>v.</strong></span> <span class='ocrx_word' id='word_1_133' title='bbox 851 2495 1018 2557; x_wconf 84' lang='lat'>·98-100</span> <span class='ocrx_word' id='word_1_134' title='bbox 1041 2491 1109 2558; x_wconf 87' lang='lat' dir='ltr'><strong>fere</strong></span> <span class='ocrx_word' id='word_1_135' title='bbox 1137 2511 1202 2558; x_wconf 91' lang='lat' dir='ltr'><strong>non</strong></span> <span class='ocrx_word' id='word_1_136' title='bbox 1224 2492 1346 2560; x_wconf 84' lang='lat' dir='ltr'><strong>variati</strong></span> 
     </span>
     <span class='ocr_line' id='line_1_20' title="bbox 173 2604 1346 2689; baseline 0.003 -18"><span class='ocrx_word' id='word_1_137' title='bbox 173 2605 252 2686; x_wconf 73' lang='lat' dir='ltr'><strong>sint,</strong></span> <span class='ocrx_word' id='word_1_138' title='bbox 280 2605 604 2686; x_wconf 83' lang='lat' dir='ltr'>praeterquamquod</span> <span class='ocrx_word' id='word_1_139' title='bbox 630 2605 664 2670; x_wconf 89' lang='lat' dir='ltr'>A</span> <span class='ocrx_word' id='word_1_140' title='bbox 691 2604 777 2672; x_wconf 83' lang='lat' dir='ltr'><strong>infra</strong></span> <span class='ocrx_word' id='word_1_141' title='bbox 800 2607 873 2668; x_wconf 77' lang='grc' dir='ltr'>τοῦτ’</span> <span class='ocrx_word' id='word_1_142' title='bbox 899 2626 958 2688; x_wconf 87' lang='lat' dir='ltr'><strong>pro</strong></span> <span class='ocrx_word' id='word_1_143' title='bbox 981 2608 1060 2670; x_wconf 80' lang='grc' dir='ltr'>ταῦτ’</span> <span class='ocrx_word' id='word_1_144' title='bbox 1085 2608 1200 2689; x_wconf 76' lang='lat' dir='ltr'><strong>habet,</strong></span> <span class='ocrx_word' id='word_1_145' title='bbox 1229 2628 1346 2675; x_wconf 85' lang='lat' dir='ltr'><strong>versus</strong></span> 
     </span>
     <span class='ocr_line' id='line_1_21' title="bbox 174 2721 1346 2810; baseline -0.003 -21"><span class='ocrx_word' id='word_1_146' title='bbox 174 2727 286 2789; x_wconf 79' lang='lat' dir='ltr'><strong>autem</strong></span> <span class='ocrx_word' id='word_1_147' title='bbox 322 2726 363 2787; x_wconf 85' lang='lat'><strong>97</strong></span> <span class='ocrx_word' id='word_1_148' title='bbox 399 2721 447 2787; x_wconf 83' lang='lat' dir='ltr'><strong>sic</strong></span> <span class='ocrx_word' id='word_1_149' title='bbox 484 2722 647 2806; x_wconf 79' lang='lat' dir='ltr'><strong>legatur:¹</strong></span> <span class='ocrx_word' id='word_1_150' title='bbox 668 2725 790 2792; x_wconf 76' lang='grc' dir='ltr'>τοιοῦτός</span> <span class='ocrx_word' id='word_1_151' title='bbox 823 2744 863 2785; x_wconf 81' lang='grc' dir='ltr'>τοι</span> <span class='ocrx_word' id='word_1_152' title='bbox 898 2723 971 2810; x_wconf 70' lang='grc' dir='ltr'>ἀνὴρ</span> <span class='ocrx_word' id='word_1_153' title='bbox 999 2723 1073 2787; x_wconf 83' lang='grc' dir='ltr'>ἔστω</span> <span class='ocrx_word' id='word_1_154' title='bbox 1101 2724 1192 2810; x_wconf 76' lang='grc' dir='ltr'>φίλος.</span> <span class='ocrx_word' id='word_1_155' title='bbox 1243 2725 1272 2792; x_wconf 93' lang='grc' dir='ltr'>Ο</span> <span class='ocrx_word' id='word_1_156' title='bbox 1307 2746 1346 2788; x_wconf 88' lang='grc' dir='ltr'>τοι</span> 
     </span>
     <span class='ocr_line' id='line_1_22' title="bbox 175 2837 1346 2924; baseline 0.001 -18"><span class='ocrx_word' id='word_1_157' title='bbox 175 2839 285 2906; x_wconf 90' lang='lat' dir='ltr'><strong>omisit</strong></span> <span class='ocrx_word' id='word_1_158' title='bbox 308 2842 341 2904; x_wconf 91' lang='lat' dir='ltr'><strong>et</strong></span> <span class='ocrx_word' id='word_1_159' title='bbox 363 2839 441 2900; x_wconf 79' lang='grc' dir='ltr'>ταῦτ’</span> <span class='ocrx_word' id='word_1_160' title='bbox 466 2838 570 2904; x_wconf 85' lang='lat' dir='ltr'><strong>altero</strong></span> <span class='ocrx_word' id='word_1_161' title='bbox 594 2839 667 2904; x_wconf 87' lang='lat' dir='ltr'><strong>loco</strong></span> <span class='ocrx_word' id='word_1_162' title='bbox 691 2837 819 2905; x_wconf 72' lang='lat' dir='ltr'><strong>retinet,</strong></span> <span class='ocrx_word' id='word_1_163' title='bbox 853 2839 916 2905; x_wconf 80' lang='lat' dir='ltr'><strong>Idst</strong></span> <span class='ocrx_word' id='word_1_164' title='bbox 938 2840 992 2906; x_wconf 87' lang='lat' dir='ltr'><strong>hie</strong></span> <span class='ocrx_word' id='word_1_165' title='bbox 1014 2841 1106 2906; x_wconf 92' lang='lat' dir='ltr'><strong>locus</strong></span> <span class='ocrx_word' id='word_1_166' title='bbox 1123 2859 1203 2907; x_wconf 81' lang='lat' dir='ltr'><strong>sane</strong></span> <span class='ocrx_word' id='word_1_167' title='bbox 1218 2840 1346 2924; x_wconf 85' lang='lat' dir='ltr'><strong>dignus,</strong></span> 
     </span>
     <span class='ocr_line' id='line_1_23' title="bbox 175 2953 1348 3036; baseline 0.001 -16"><span class='ocrx_word' id='word_1_168' title='bbox 175 2956 230 3036; x_wconf 89' lang='lat' dir='ltr'><strong>qui</strong></span> <span class='ocrx_word' id='word_1_169' title='bbox 254 2954 444 3022; x_wconf 76' lang='lat' dir='ltr'><strong>accuratius</strong></span> <span class='ocrx_word' id='word_1_170' title='bbox 468 2953 671 3036; x_wconf 80' lang='lat' dir='ltr'><strong>inspiciatur.</strong></span> <span class='ocrx_word' id='word_1_171' title='bbox 707 2953 760 3021; x_wconf 88' lang='lat' dir='ltr'><strong>Ac</strong></span> <span class='ocrx_word' id='word_1_172' title='bbox 782 2953 923 3036; x_wconf 84' lang='lat' dir='ltr'><strong>primum</strong></span> <span class='ocrx_word' id='word_1_173' title='bbox 948 2953 1080 3036; x_wconf 89' lang='lat' dir='ltr'><strong>quidem</strong></span> <span class='ocrx_word' id='word_1_174' title='bbox 1096 2974 1157 3021; x_wconf 91' lang='lat' dir='ltr'><strong>nec</strong></span> <span class='ocrx_word' id='word_1_175' title='bbox 1171 2955 1348 3022; x_wconf 87' lang='lat' dir='ltr'><strong>Welehero</strong></span> 
     </span>
     <span class='ocr_line' id='line_1_24' title="bbox 174 3069 1350 3154; baseline 0 -16"><span class='ocrx_word' id='word_1_176' title='bbox 174 3091 309 3154; x_wconf 88' lang='lat' dir='ltr'><strong>possum</strong></span> <span class='ocrx_word' id='word_1_177' title='bbox 332 3070 511 3137; x_wconf 85' lang='lat' dir='ltr'><strong>concedere</strong></span> <span class='ocrx_word' id='word_1_178' title='bbox 533 3070 596 3136; x_wconf 91' lang='lat' dir='ltr'><strong>hoc</strong></span> <span class='ocrx_word' id='word_1_179' title='bbox 614 3070 829 3137; x_wconf 84' lang='lat' dir='ltr'><strong>tetrastichon</strong></span> <span class='ocrx_word' id='word_1_180' title='bbox 850 3089 923 3136; x_wconf 87' lang='lat' dir='ltr'><strong>esse</strong></span> <span class='ocrx_word' id='word_1_181' title='bbox 944 3069 1180 3154; x_wconf 85' lang='lat' dir='ltr'><strong>seiungendum</strong></span> <span class='ocrx_word' id='word_1_182' title='bbox 1197 3072 1239 3138; x_wconf 91' lang='lat' dir='ltr'><strong>ab</strong></span> <span class='ocrx_word' id='word_1_183' title='bbox 1256 3078 1350 3139; x_wconf 89' lang='lat' dir='ltr'><strong>ante·</strong></span> 
     </span>
     <span class='ocr_line' id='line_1_25' title="bbox 176 3185 810 3254; baseline -0.006 -1"><span class='ocrx_word' id='word_1_184' title='bbox 176 3187 367 3254; x_wconf 91' lang='lat' dir='ltr'><strong>cedentibus</strong></span> <span class='ocrx_word' id='word_1_185' title='bbox 391 3185 558 3252; x_wconf 86' lang='lat' dir='ltr'><strong>versibus:</strong></span> <span class='ocrx_word' id='word_1_186' title='bbox 806 3194 810 3201; x_wconf 88' lang='grc'><em>’</em></span> 
     </span>
    </p>

    <p class='ocr_par' dir='ltr' id='par_1_11' title="bbox 330 3306 1229 3406">
     <span class='ocr_line' id='line_1_26' title="bbox 330 3306 1229 3406; baseline 0 -24"><span class='ocrx_word' id='word_1_187' title='bbox 330 3316 386 3383; x_wconf 84' lang='grc' dir='ltr'><strong>Ἤν</strong></span> <span class='ocrx_word' id='word_1_188' title='bbox 409 3341 451 3389; x_wconf 76' lang='grc' dir='ltr'><strong>τις</strong></span> <span class='ocrx_word' id='word_1_189' title='bbox 475 3319 614 3404; x_wconf 76' lang='grc' dir='ltr'>ἐπαινὴσγ</span> <span class='ocrx_word' id='word_1_190' title='bbox 638 3340 671 3381; x_wconf 86' lang='grc' dir='ltr'><strong>σε</strong></span> <span class='ocrx_word' id='word_1_191' title='bbox 693 3321 775 3381; x_wconf 78' lang='grc' dir='ltr'>τόσον</span> <span class='ocrx_word' id='word_1_192' title='bbox 797 3321 897 3404; x_wconf 76' lang='grc' dir='ltr'>χρόνον</span> <span class='ocrx_word' id='word_1_193' title='bbox 920 3306 1002 3381; x_wconf 80' lang='grc' dir='ltr'>ὅσσον</span> <span class='ocrx_word' id='word_1_194' title='bbox 1026 3318 1131 3406; x_wconf 75' lang='grc' dir='ltr'>ὁρῴης,</span> <span class='ocrx_word' id='word_1_195' title='bbox 1225 3316 1229 3325; x_wconf 78' lang='grc'><strong>’</strong></span> 
     </span>
    </p>

    <p class='ocr_par' dir='ltr' id='par_1_12' title="bbox 335 3423 988 3521">
     <span class='ocr_line' id='line_1_27' title="bbox 335 3423 988 3521; baseline -0.003 -25"><span class='ocrx_word' id='word_1_196' title='bbox 335 3423 496 3521; x_wconf 76' lang='grc' dir='ltr'>νοσφισθεὶς</span> <span class='ocrx_word' id='word_1_197' title='bbox 518 3433 626 3518; x_wconf 56' lang='lat' dir='ltr'><strong>ruhte</strong></span> <span class='ocrx_word' id='word_1_198' title='bbox 649 3432 782 3518; x_wconf 76' lang='grc' dir='ltr'>γλῶσσαν</span> <span class='ocrx_word' id='word_1_199' title='bbox 806 3433 863 3516; x_wconf 63' lang='lat' dir='ltr'><strong>injur</strong></span> <span class='ocrx_word' id='word_1_200' title='bbox 886 3438 988 3520; x_wconf 76' lang='grc' dir='ltr'>κακήν,</span> 
     </span>
    </p>

    <p class='ocr_par' dir='ltr' id='par_1_13' title="bbox 335 3547 1161 3636">
     <span class='ocr_line' id='line_1_28' title="bbox 335 3547 1161 3636; baseline 0.001 -23"><span class='ocrx_word' id='word_1_201' title='bbox 335 3549 456 3620; x_wconf 76' lang='grc' dir='ltr'>τοιοῦτός</span> <span class='ocrx_word' id='word_1_202' title='bbox 478 3570 518 3612; x_wconf 87' lang='grc' dir='ltr'>τοι</span> <span class='ocrx_word' id='word_1_203' title='bbox 542 3549 651 3636; x_wconf 75' lang='grc' dir='ltr'>ἑταῖρος</span> <span class='ocrx_word' id='word_1_204' title='bbox 674 3548 747 3636; x_wconf 79' lang='grc' dir='ltr'>ἀνὴρ</span> <span class='ocrx_word' id='word_1_205' title='bbox 770 3549 852 3636; x_wconf 61' lang='grc' dir='ltr'>φίλος</span> <span class='ocrx_word' id='word_1_206' title='bbox 875 3549 931 3612; x_wconf 81' lang='grc' dir='ltr'>οὔτι</span> <span class='ocrx_word' id='word_1_207' title='bbox 955 3547 1020 3632; x_wconf 68' lang='grc' dir='ltr'><strong>μάλ’</strong></span> <span class='ocrx_word' id='word_1_208' title='bbox 1047 3549 1161 3626; x_wconf 72' lang='grc' dir='ltr'>ἐσθλός,</span> 
     </span>
    </p>
   </div>
   <div class='ocr_carea' id='block_1_3' title="bbox 336 3661 967 3766">
    <p class='ocr_par' dir='ltr' id='par_1_14' title="bbox 336 3661 967 3766">
     <span class='ocr_line' id='line_1_29' title="bbox 336 3661 967 3766; baseline 0 -37"><span class='ocrx_word' id='word_1_209' title='bbox 336 3661 368 3736; x_wconf 77' lang='grc' dir='ltr'><strong>ὅς</strong></span> <span class='ocrx_word' id='word_1_210' title='bbox 389 3661 479 3749; x_wconf 77' lang='grc' dir='ltr'>κέἷπρ</span> <span class='ocrx_word' id='word_1_211' title='bbox 502 3665 621 3749; x_wconf 75' lang='grc' dir='ltr'>γλώσσῃ</span> <span class='ocrx_word' id='word_1_212' title='bbox 644 3664 720 3752; x_wconf 69' lang='lat' dir='ltr'><strong>hoio,</strong></span> <span class='ocrx_word' id='word_1_213' title='bbox 743 3667 835 3752; x_wconf 73' lang='grc' dir='ltr'>φρονῇ</span> <span class='ocrx_word' id='word_1_214' title='bbox 857 3661 967 3766; x_wconf 73' lang='grc' dir='ltr'><strong>Ιδ’ἕτερα</strong></span> 
     </span>
    </p>
   </div>
   <div class='ocr_carea' id='block_1_4' title="bbox 177 3798 1352 4463">
    <p class='ocr_par' dir='ltr' id='par_1_15' title="bbox 177 3798 1352 4463">
     <span class='ocr_line' id='line_1_30' title="bbox 177 3798 1349 3884; baseline -0.001 -15"><span class='ocrx_word' id='word_1_215' title='bbox 177 3820 283 3884; x_wconf 87' lang='lat' dir='ltr'><strong>neque</strong></span> <span class='ocrx_word' id='word_1_216' title='bbox 306 3798 494 3884; x_wconf 83' lang='lat' dir='ltr'><strong>Hartungio</strong></span> <span class='ocrx_word' id='word_1_217' title='bbox 522 3805 598 3882; x_wconf 88' lang='lat' dir='ltr'><strong>post</strong></span> <span class='ocrx_word' id='word_1_218' title='bbox 624 3819 758 3867; x_wconf 86' lang='lat' dir='ltr'><strong>versum</strong></span> <span class='ocrx_word' id='word_1_219' title='bbox 787 3805 829 3866; x_wconf 86' lang='grc'><strong>96</strong></span> <span class='ocrx_word' id='word_1_220' title='bbox 858 3798 1020 3867; x_wconf 87' lang='lat' dir='ltr'><strong>distichon</strong></span> <span class='ocrx_word' id='word_1_221' title='bbox 1047 3800 1267 3883; x_wconf 85' lang='lat' dir='ltr'><strong>intercidisse,</strong></span> <span class='ocrx_word' id='word_1_222' title='bbox 1292 3801 1349 3868; x_wconf 85' lang='lat' dir='ltr'><strong>sed</strong></span> 
     </span>
     <span class='ocr_line' id='line_1_31' title="bbox 179 3915 1350 4000; baseline -0.002 -15"><span class='ocrx_word' id='word_1_223' title='bbox 179 3917 345 3985; x_wconf 86' lang='lat' dir='ltr'><strong>artissimo</strong></span> <span class='ocrx_word' id='word_1_224' title='bbox 362 3915 610 3983; x_wconf 88' lang='lat' dir='ltr'><strong>necessitudinis</strong></span> <span class='ocrx_word' id='word_1_225' title='bbox 626 3916 758 3983; x_wconf 85' lang='lat' dir='ltr'><strong>vinculo</strong></span> <span class='ocrx_word' id='word_1_226' title='bbox 774 3916 860 3982; x_wconf 92' lang='lat' dir='ltr'><strong>inter</strong></span> <span class='ocrx_word' id='word_1_227' title='bbox 875 3935 911 3983; x_wconf 92' lang='lat' dir='ltr'><strong>se</strong></span> <span class='ocrx_word' id='word_1_228' title='bbox 927 3915 1103 3982; x_wconf 87' lang='lat' dir='ltr'><strong>coniuncta</strong></span> <span class='ocrx_word' id='word_1_229' title='bbox 1125 3935 1197 3983; x_wconf 89' lang='lat' dir='ltr'><strong>osse</strong></span> <span class='ocrx_word' id='word_1_230' title='bbox 1214 3916 1350 4000; x_wconf 83' lang='lat' dir='ltr'><strong>optime-</strong></span> 
     </span>
     <span class='ocr_line' id='line_1_32' title="bbox 179 4030 1350 4116; baseline -0.002 -16"><span class='ocrx_word' id='word_1_231' title='bbox 179 4052 242 4115; x_wconf 88' lang='lat' dir='ltr'><strong>que</strong></span> <span class='ocrx_word' id='word_1_232' title='bbox 269 4034 447 4100; x_wconf 88' lang='lat' dir='ltr'><strong>cohaerere</strong></span> <span class='ocrx_word' id='word_1_233' title='bbox 474 4032 672 4115; x_wconf 87' lang='lat' dir='ltr'><strong>putaverim.</strong></span> <span class='ocrx_word' id='word_1_234' title='bbox 719 4032 785 4116; x_wconf 81' lang='lat' dir='ltr'><strong>Qui</strong></span> <span class='ocrx_word' id='word_1_235' title='bbox 812 4051 854 4097; x_wconf 84' lang='lat' dir='ltr'><strong>ex</strong></span> <span class='ocrx_word' id='word_1_236' title='bbox 881 4030 1028 4114; x_wconf 75' lang='lat' dir='ltr'><strong>longiore</strong></span> <span class='ocrx_word' id='word_1_237' title='bbox 1055 4050 1214 4099; x_wconf 85' lang='lat' dir='ltr'><strong>versuum</strong></span> <span class='ocrx_word' id='word_1_238' title='bbox 1237 4032 1350 4099; x_wconf 86' lang='lat' dir='ltr'><strong>ordine</strong></span> 
     </span>
     <span class='ocr_line' id='line_1_33' title="bbox 179 4146 1351 4230; baseline -0.002 -14"><span class='ocrx_word' id='word_1_239' title='bbox 179 4151 222 4216; x_wconf 86' lang='lat' dir='ltr'><strong>ad</strong></span> <span class='ocrx_word' id='word_1_240' title='bbox 249 4167 348 4216; x_wconf 87' lang='lat' dir='ltr'><strong>unam</strong></span> <span class='ocrx_word' id='word_1_241' title='bbox 379 4167 518 4230; x_wconf 89' lang='lat' dir='ltr'><strong>eamque</strong></span> <span class='ocrx_word' id='word_1_242' title='bbox 545 4149 729 4217; x_wconf 86' lang='lat' dir='ltr'><strong>breviorem</strong></span> <span class='ocrx_word' id='word_1_243' title='bbox 758 4146 955 4214; x_wconf 78' lang='lat' dir='ltr'><strong>sententiam</strong></span> <span class='ocrx_word' id='word_1_244' title='bbox 989 4147 1196 4215; x_wconf 80' lang='lat' dir='ltr'><strong>efficiendam·</strong></span> <span class='ocrx_word' id='word_1_245' title='bbox 1225 4148 1351 4214; x_wconf 88' lang='lat' dir='ltr'><strong>ultimis</strong></span> 
     </span>
     <span class='ocr_line' id='line_1_34' title="bbox 178 4260 1352 4347; baseline -0.001 -16"><span class='ocrx_word' id='word_1_246' title='bbox 178 4269 309 4346; x_wconf 84' lang='lat' dir='ltr'><strong>tantum</strong></span> <span class='ocrx_word' id='word_1_247' title='bbox 331 4265 380 4331; x_wconf 93' lang='lat' dir='ltr'><strong>uti</strong></span> <span class='ocrx_word' id='word_1_248' title='bbox 402 4264 519 4347; x_wconf 71' lang='lat' dir='ltr'><strong>voluit,</strong></span> <span class='ocrx_word' id='word_1_249' title='bbox 543 4264 573 4330; x_wconf 83' lang='lat' dir='ltr'><strong>ei</strong></span> <span class='ocrx_word' id='word_1_250' title='bbox 596 4260 781 4332; x_wconf 85' lang='lat' dir='ltr'><strong>hexametri</strong></span> <span class='ocrx_word' id='word_1_251' title='bbox 803 4262 911 4329; x_wconf 86' lang='lat' dir='ltr'><strong>forma</strong></span> <span class='ocrx_word' id='word_1_252' title='bbox 930 4261 1103 4330; x_wconf 85' lang='lat' dir='ltr'><strong>abicienda</strong></span> <span class='ocrx_word' id='word_1_253' title='bbox 1122 4269 1205 4347; x_wconf 86' lang='lat' dir='ltr'><strong>erat,</strong></span> <span class='ocrx_word' id='word_1_254' title='bbox 1226 4282 1352 4347; x_wconf 82' lang='lat' dir='ltr'><strong>quasa</strong></span> 
     </span>
     <span class='ocr_line' id='line_1_35' title="bbox 180 4377 1352 4463; baseline -0.005 -15"><span class='ocrx_word' id='word_1_255' title='bbox 180 4381 345 4463; x_wconf 80' lang='lat' dir='ltr'><strong>particula</strong></span> <span class='ocrx_word' id='word_1_256' title='bbox 380 4377 443 4443; x_wconf 77' lang='grc' dir='ltr'>ἀλλ’</span> <span class='ocrx_word' id='word_1_257' title='bbox 473 4379 587 4462; x_wconf 86' lang='lat' dir='ltr'><strong>incipit</strong></span> <span class='ocrx_word' id='word_1_258' title='bbox 622 4387 655 4448; x_wconf 92' lang='lat' dir='ltr'><strong>et</strong></span> <span class='ocrx_word' id='word_1_259' title='bbox 681 4398 699 4446; x_wconf 97' lang='grc' dir='ltr'>ο</span> <span class='ocrx_word' id='word_1_260' title='bbox 726 4398 759 4444; x_wconf 85' lang='lat' dir='ltr'><strong>v.</strong></span> <span class='ocrx_word' id='word_1_261' title='bbox 785 4384 826 4443; x_wconf 87' lang='lat'><strong>95</strong></span> <span class='ocrx_word' id='word_1_262' title='bbox 855 4397 919 4444; x_wconf 92' lang='lat' dir='ltr'><strong>non</strong></span> <span class='ocrx_word' id='word_1_263' title='bbox 947 4379 1044 4446; x_wconf 90' lang='lat' dir='ltr'><strong>modo</strong></span> <span class='ocrx_word' id='word_1_264' title='bbox 1074 4379 1201 4447; x_wconf 90' lang='lat' dir='ltr'><strong>initium</strong></span> <span class='ocrx_word' id='word_1_265' title='bbox 1230 4379 1352 4450; x_wconf 74' lang='grc' dir='ltr'>ταοῦτός</span> 
     </span>
    </p>
   </div>
   <div class='ocr_carea' id='block_1_5' title="bbox 0 0 1538 4844">
    <p class='ocr_par' dir='ltr' id='par_1_16' title="bbox 0 0 1538 4844">
     <span class='ocr_line' id='line_1_36' title="bbox 0 0 1538 4844; baseline 0 0"><span class='ocrx_word' id='word_1_266' title='bbox 0 0 1538 4844; x_wconf 95' lang='lat' dir='ltr'><strong> </strong></span> 
     </span>
    </p>
   </div>
  </div>
 </body>
</html>
