3036 4844
707 290 905 352 ..2-

217 502 288 565 sqq.
324 488 358 549 81
392 501 458 548 van
493 483 552 549 dor
578 480 681 565 Meyi:
718 480 909 548 Studiorum
942 481 1226 564 Theognideorum
1262 500 1333 563 cap.
1358 484 1388 546 V

216 597 370 681 Lugduni
392 598 599 664 Batavorum
625 600 711 663 1869
734 616 765 681 p,
789 601 833 662 48
857 594 956 682 888),
991 614 1077 677 quae
1100 614 1122 662 a
1143 597 1298 663 Beklrcro
1322 597 1390 664 dis·

216 719 362 795 crepant.
408 712 644 780 Perccmmode
668 717 778 778 autem
802 711 930 793 accidit,
955 711 1042 792 quod
1066 710 1253 779 Guilelmus
1271 712 1389 779 Stude·

217 829 317 895 mund
335 828 456 895 codicis
468 828 508 909 Ο,
526 845 623 908 quern
635 846 713 892 vere
731 826 808 893 anni
826 831 911 893 1889
933 826 1059 892 frustra
1074 845 1133 908 per
1148 831 1254 893 totam
1271 827 1389 894 biblio·

216 946 347 1011 thecam
370 943 569 1010 Vaticanam
591 941 778 1023 quaesitum
802 959 876 1008 8888
904 946 1003 1022 atque
1030 940 1152 1008 infelici
1180 959 1259 1008 casu
1283 937 1390 1024 nuper

216 1060 375 1127 amissum
398 1058 504 1125 videri
520 1059 695 1140 Augustus
711 1057 791 1123 Mau
809 1055 1033 1124 Studemundo
1056 1056 1283 1139 rescripserat,
1309 1076 1389 1140 apo·

215 1176 364 1260 graphon
386 1181 455 1240 tam
477 1173 597 1257 insigni
631 1179 664 1238 81
697 1172 796 1238 unica
819 1172 1029 1238 accuratione
1052 1172 1250 1254 conlectum,
1285 1178 1324 1238 81
1346 1192 1387 1239 88

216 1291 256 1357 (18
278 1289 425 1356 minutiis
448 1288 580 1371 quidem
604 1288 755 1354 dubitare
778 1287 902 1368 liceret,
931 1287 965 1352 in
987 1286 1094 1353 indice
1118 1286 1175 1353 illo
1199 1288 1388 1371 lectionum,

214 1426 311 1489 quom
335 1423 438 1488 supra
459 1403 638 1486 nominavi,
662 1403 911 1486 exprimendum
934 1402 1074 1491 curavit.

302 1521 367 1589 His
391 1521 520 1589 duobus
555 1519 722 1589 codicibus
757 1524 912 1587 accurate
946 1519 1077 1586 collatis
1112 1525 1211 1601 atquc
1246 1521 1388 1603 cognitis

214 1658 288 1706 cum
310 1638 345 1704 in
367 1637 558 1704 universum
582 1636 831 1720 fundamentum
855 1636 985 1703 firmum
1009 1635 1211 1703 collectionis
1224 1636 1386 1720 Theogni-

214 1755 296 1825 deae
307 1759 397 1821 recte
409 1758 443 1820 81
459 1752 683 1819 aestimandae
700 1758 734 1817 et
749 1752 979 1832 recensendae,
996 1756 1067 1817 tum
1082 1751 1155 1818 eius
1171 1752 1387 1834 quaestionis

213 1887 299 1952 quae
321 1874 373 1937 est
395 1868 436 1935 de
459 1867 607 1946 distichis
629 1866 758 1935 iteratis
781 1866 815 1932 in
838 1866 1004 1949 farragine
1031 1866 1291 1950 fragmentorum
1319 1870 1387 1935 ele·

213 1986 383 2069 glacorum
417 1983 596 2050 maximam
634 1987 763 2065 partem
803 1982 845 2049 ad
883 1982 1107 2066 Theognidem
1151 1983 1384 2065 pertinentium

213 2099 439 2185 profligandas
462 2106 496 2165 et
518 2116 623 2181 paone
646 2099 689 2164 ad
710 2099 807 2164 finem
829 2097 1059 2180 perducendae
1073 2098 1197 2165 iactum
1213 2105 1273 2166 est.
1310 2099 1387 2183 Quo

213 2217 299 2286 enim
322 2215 396 2298 quis
419 2215 582 2281 vetustior
605 2214 816 2295 meliorisque
838 2221 937 2280 notae
963 2215 1069 2281 codex
1102 2220 1167 2296 881,
1204 2234 1242 2281 eo
1278 2216 1388 2283 maior

213 2350 368 2398 numerus
404 2329 617 2396 distichorum
652 2329 686 2394 in
721 2348 759 2395 co
794 2329 1010 2411 repetitorum
1044 2335 1104 2396 est.
1174 2330 1286 2414 Quare
1319 2350 1385 2397 non

212 2446 408 2513 mirabimur
430 2444 517 2526 quod
541 2445 644 2512 codex
661 2445 694 2510 A
717 2450 849 2526 praeter
871 2446 946 2512 illos
961 2464 1079 2512 versus
1101 2445 1250 2529 iteratos,
1274 2447 1387 2528 quiin

214 2561 405 2629 collectione
439 2560 620 2627 carminum
656 2561 894 2628 amatoriorum
929 2567 1069 2644 exstant
1105 2581 1190 2644 quac
1224 2564 1387 2648 inscripta

214 2675 390 2761 1181818811
419 2676 617 2760 Theognidis
640 2676 786 2758 reliquiis
810 2677 924 2744 addita
951 2684 1016 2761 881,
1043 2697 1109 2745 888
1136 2679 1233 2745 modo
1254 2681 1383 2747 nullam

211 2792 420 2859 iterationem
443 2792 564 2860 codicis
588 2793 617 2862 Ο
641 2792 761 2875 omisit,
785 2793 844 2861 sed
866 2811 935 2860 una
956 2795 1085 2861 auctior
1107 2799 1167 2862 881.
1219 2793 1382 2878 Apertum

212 2914 263 2977 881
286 2909 484 2992 Theognidis
508 2910 649 2977 editores
672 2910 788 2994 fugere
810 2929 876 2978 non
904 2911 1052 2992 potuisse
1075 2929 1193 2978 versus
1221 2912 1383 2994 quosdam

209 3024 244 3091 in
266 3023 361 3093 libris
380 3042 480 3091 manu
504 3023 638 3106 scriptis
659 3026 776 3107 repeti,
800 3031 930 3092 tantum
953 3031 1065 3092 autem
1089 3027 1215 3108 aberat,
1239 3032 1278 3093 ut
1299 3026 1382 3094 istos

210 3158 328 3207 versus
351 3139 420 3209 suis
443 3140 525 3206 locis
548 3140 636 3223 typis
664 3139 895 3222 exprimendos
930 3147 1099 3222 emerent,
1133 3147 1171 3209 ut
1205 3148 1265 3209 aut
1298 3143 1386 3209 alios

210 3256 330 3324 iterum
352 3261 512 3338 ponerent
534 3254 617 3323 alios
643 3255 831 3322 omitterent
853 3259 912 3320 aut
934 3255 1113 3322 maximam
1136 3262 1266 3339 partem
1289 3257 1382 3325 (11811-

211 3372 365 3451 8881881,
396 3389 481 3452 quae
513 3371 565 3438 bis
592 3371 626 3437 in
653 3370 820 3437 codicibus
852 3370 1021 3452 leguntur,
1056 3381 1174 3439 neutro
1203 3373 1275 3439 locc
1298 3375 1385 3440 tole-

209 3492 330 3553 rarent.

298 3602 374 3667 Hac
401 3601 598 3683 pertinacia,
634 3620 675 3667 nc
709 3599 816 3667 dicam
851 3601 1040 3683 pervicacia
1073 3603 1247 3685 editorum,
1282 3623 1380 3686 quam

209 3737 269 3785 suo
297 3719 371 3785 iure
397 3724 433 3784 81
458 3716 583 3783 Hiller¹
611 3716 891 3784 81818881888112
917 3717 1175 3801 castigaverunt,
1211 3739 1285 3787 cum
1320 3740 1382 3786 nec

208 3836 397 3914 Bekkerus‚
432 3832 489 3914 qui
513 3832 555 3900 od
577 3837 895 3899 versus1070-74
923 3833 1110 3900 adnotavit:
1148 3834 1247 3903 »mihi
1274 3835 1385 3902 881188

208 3951 317 4018 visum
344 3970 409 4017 non
437 3949 547 4016 omnia
582 3949 692 4015 delere
727 3949 866 4031 duplicis
899 3949 1099 4016 recensionis
1123 3950 1283 4034 vestigia«
1320 3971 1386 4017 nec.

208 4067 407 4133 recentiores
431 4064 525 4133 liberi
549 4064 624 4145 sint,
648 4064 826 4130 maximam
854 4064 1010 4131 Eduardo
1038 4064 1168 4131 Hillero
1191 4066 1385 4148 nuperrime·

208 4182 358 4248 dehincto
382 4181 523 4264 gratiam
547 4180 718 4260 habemus,
743 4178 829 4260 quod
852 4178 886 4243 in
903 4178 1106 4262 Anthologia
1125 4180 1256 4264 Lyrica‚
1281 4199 1382 4262 quam

280 4340 290 4379 1
309 4340 494 4395 Fleckeiseni
512 4339 611 4393 annal.
628 4341 734 4408 philol.
755 4341 822 4392 1881
842 4356 870 4405 p.
890 4341 950 4392 480.

279 4427 292 4467 ²
311 4431 373 4482 ind.
392 4430 457 4482 lect.
477 4428 591 4482 hibern.
612 4428 730 4498 lasasao
747 4428 945 4481 Vratislaviae
962 4428 1090 4495 haband,
1110 4446 1139 4497 p,
1157 4431 1201 4483 34.
