3036 4844
647 301 868 362 ..29-

169 491 271 574 (Mus.
288 491 392 555 Rhen.
409 490 441 554 N
444 509 496 555 ov.
512 490 566 556 HI
580 470 612 572 p.
630 496 699 556 399¹
719 491 880 575 adnotat.)
906 491 1080 575 legendum
1103 495 1154 557 est
1177 493 1267 578 ἄκρην
1290 493 1344 576 peip

168 607 267 689 πενίης
301 605 341 670 cf.
377 605 421 670 H.
458 606 685 671 Schneidewin
719 627 751 688 p.
776 612 817 672 27
855 585 996 673 alteram
1031 606 1275 673 adnotationem
1311 611 1344 672 88

169 720 339 802 Euripidis
364 722 472 786 locum
497 721 586 803 apud
610 722 790 789 stobaeum
813 723 862 790 IV
884 743 916 805 p.
936 730 975 789 15
999 727 1183 789 servatum:

472 845 516 908 ἐπ’
542 848 630 932 ἄκραν
654 847 760 929 ἥκομεν
783 847 917 934 γραμμὴν
940 852 1046 909 κακῶν.

259 980 375 1060 Neque
385 978 472 1060 quod
481 978 533 1044 vir
543 979 658 1044 doctus
669 979 803 1060 quidam
815 979 937 1064 (Philil.
948 979 1114 1063 Anneiger
1126 985 1209 1045 1883
1223 1000 1254 1062 p.
1265 980 1343 1060 435)

170 1116 211 1163 ex
234 1093 393 1177 Hesychii
421 1095 493 1160 loco
520 1112 587 1160 non
613 1093 662 1160 ita
688 1095 823 1178 limpido
849 1096 1077 1178 depromptum
1106 1095 1206 1162 scribi
1233 1095 1343 1161 iussit:

169 1217 279 1296 τάρχην
302 1212 355 1296 ράρ
378 1211 475 1293 πενίης
497 1225 608 1291 neque·
627 1210 714 1292 quod
730 1211 897 1294 Eugenius
914 1211 995 1277 Lo'w
1011 1208 1242 1295 (Quaestiones
1260 1209 1344 1274 The·

171 1326 330 1409 ognideae
351 1325 622 1408 Petropoli1887
644 1347 676 1409 p.
695 1325 751 1414 63)
776 1327 1031 1393 commendavit:
1057 1325 1150 1410 ἀκμὴν
1174 1326 1226 1411 peip
1249 1326 1346 1407 πενίης

167 1441 202 1507 in
225 1444 335 1508 locum
358 1460 458 1507 verae
481 1441 631 1508 lectionis
655 1443 832 1509 succedere
855 1447 1003 1526 possunt.
1050 1442 1116 1526 Qui
1138 1461 1217 1508 vero
1241 1441 1345 1507 altero

168 1560 241 1623 loco
271 1556 364 1643 ἀρχὴν
391 1558 443 1642 peip
472 1558 569 1641 πενίης
596 1557 823 1639 interpolavit,
852 1551 929 1640 quid
958 1563 1059 1640 poeta
1086 1557 1188 1624 vellet
1215 1555 1345 1621 omnino

168 1693 234 1739 non
258 1671 431 1752 intellexit,
455 1691 520 1737 non
544 1672 630 1737 enim
647 1672 686 1737 de
702 1672 910 1754 paupertatis
926 1672 1060 1739 exordio
1082 1690 1190 1738 sermo
1207 1675 1267 1752 est,
1288 1671 1346 1737 sed
1432 1738 1436 1749 ,

168 1794 208 1855 ut
230 1789 274 1854 H.
301 1786 409 1854 Grotii
432 1787 703 1868 interpretatione
727 1794 820 1853 utar:

326 1920 480 1986 Nondum
507 1920 541 1986 in
569 1920 727 2003 pauperie
752 1922 839 2002 quod
864 1939 1027 1988 summum
1052 1919 1235 2000 evasimus3
1260 1918 1346 1985 unde

378 2055 435 2102 cor
458 2040 585 2101 maeret
608 2036 746 2118 trepidis
770 2036 1056 2103 sollicitudinibus.

258 2182 333 2246 Non
354 2179 451 2244 modo
468 2178 563 2243 initia
586 2179 853 2245 hexametrorum
878 2180 983 2245 altero
1008 2181 1079 2246 loco
1103 2179 1279 2244 immutata
1301 2178 1348 2244 le·

173 2302 300 2379 guntur,
325 2294 383 2363 sed
408 2294 508 2361 etlam
531 2295 565 2360 in
588 2295 747 2362 clausulis
770 2295 1046 2379 interpolatorum
1069 2294 1169 2362 libido
1194 2298 1348 2378 grassata

179 2416 236 2494 est,
257 2414 348 2479 velut
372 2430 445 2478 cum
468 2430 500 2477 v.
527 2416 704 2478 853—854
727 2412 776 2478 sic
799 2413 987 2481 scribantur

346 2536 447 2600 Ἧιὸεα
471 2535 522 2620 μὲν
545 2536 592 2598 καὶ
614 2539 746 2624 πρόσθεν,
771 2539 842 2624 ἀτάρ
867 2536 939 2600 πολὺ
962 2537 1038 2599 ideo
1061 2537 1097 2622 δὴ
1121 2535 1168 2599 νῦν

353 2643 453 2706 οὔνεκα
476 2651 532 2714 τοῖς
555 2643 657 2714 δειλοῖς
680 2644 785 2727 οὐδεμί’
811 2645 868 2707 ἔστι
892 2650 984 2732 χάρις,

169 2784 244 2861 post
266 2800 297 2845 v.
324 2784 409 2844 1030
433 2780 544 2845 iterati
568 2779 653 2844 hanc
676 2780 836 2859 praebent
859 2777 1017 2859 speciem:

346 2912 448 2976 Ἤιῧεα
472 2911 524 2994 μὲν
546 2911 593 2973 καὶ
615 2912 748 2998 πρόσθεν,
772 2913 844 2997 ἀτάρ
867 2909 1026 2974 πολὺλώϊσν
1049 2909 1118 2994 ἤδη.

170 3046 392 3129 ᾔδεαρ11111118
420 3045 546 3111 invexit
568 3044 791 3128 Hieronymus
816 3044 1038 3112 Commelinus
1066 3044 1100 3109 in
1130 3043 1273 3126 epistola
1302 3043 1344 3108 ad

170 3163 304 3256 Davida
315 3161 568 3228 Hoerschelium
581 3162 670 3242 data
685 3180 770 3242 quae
776 3160 976 3244 Theognidis
989 3160 1256 3242 reliquorumque
1268 3178 1346 3240 poe·

168 3284 279 3344 tarum
301 3277 619 3360 gromographorum
644 3275 778 3342 editioni
789 3276 1030 3360 Sylburgianae
1053 3275 1130 3341 anni
1146 3274 1346 3341 lllDXOVII

169 3394 319 3476 praefixa
342 3397 409 3473 est3
433 3393 607 3475 legebatur
623 3392 709 3458 enim
726 3393 807 3458 etin
823 3392 857 3457 A
873 3392 955 3459 etin
972 3390 1000 3459 O
1018 3395 1102 3457 teste
1119 3390 1345 3458 Studemundo

169 3508 251 3592 ἡδέα.
298 3508 413 3574 Priore
441 3508 513 3573 loco
543 3506 577 3572 in
600 3507 634 3572 Α
661 3508 812 3573 clausula
839 3505 1023 3574 hexametri
1052 3511 1103 3573 est
1128 3505 1204 3568 λώῐα
1227 3506 1263 3590 δὴ
1286 3511 1345 3587 νῦν,

168 3624 454 3706 11101181αῆ88
479 3625 583 3689 altero
608 3624 680 3689 loco
703 3622 738 3688 in
760 3627 899 3704 utroque
927 3620 1039 3688 codice
1061 3622 1147 3684 λώϊον
1167 3621 1235 3704 ἤδη.
1274 3621 1346 3687 Ad·

160 3738 326 3824 jectivum
338 3740 425 3808 λώῑος
437 3739 580 3806 occurrit
592 3739 691 3806 etiam
703 3738 738 3806 in
749 3758 781 3804 v.
793 3743 835 3804 96
846 3736 1059 3821 Theognidis:
1077 3738 1108 3806 ὃς
1119 3737 1212 3818 κἐἵπῃ
1225 3736 1345 3819 γλώσσῃ
1443 3821 1445 3824 ,

168 3854 248 3941 hoio,
271 3859 363 3943 φρονῇ
386 3855 508 3942 δ’ἕπερα,
536 3855 592 3921 ubi
620 3853 787 3938 Berghius
814 3852 881 3938 λῴα
909 3850 1057 3919 restituit
1084 3870 1125 3917 ex
1159 3851 1193 3916 A
1216 3851 1256 3932 Ο,
1289 3852 1346 3934 qui

168 3971 244 4032 lotio
268 3973 438 4040 exhibent1
455 3978 489 4038 et
510 3972 658 4038 inversu
674 3975 716 4036 32
741 3968 906 4050 carminis,
931 3967 1018 4049 quod
1041 3967 1135 4051 Ληναὶ
1154 3966 1346 4034 inscribitur

169 4092 203 4153 et
227 4087 401 4154 Theocrito
426 4088 510 4154 falso
535 4085 748 4153 adscribitur:

395 4202 537 4287 εὐσεβέων
560 4201 685 4265 παίδεσσι
708 4199 850 4274 collobio,
874 4196 1036 4280 δυσσεβέων
1060 4197 1119 4261 δὀὐ

242 4342 252 4379 ¹
274 4343 361 4407 Quod
389 4359 456 4396 eum
474 4344 722 4399 Wilsmowitzius
751 4341 942 4409 neglexisset,
970 4341 1008 4394 ad
1035 4340 1191 4407 Euripidis
1209 4342 1344 4396 Heraclis

167 4447 195 4484 v.
211 4432 261 4484 196
281 4433 446 4486 adnotavit:
465 4433 531 4487 noti
543 4433 612 4486 λώϊα
629 4435 672 4487 im
690 4432 783 4486 Sinne
802 4445 862 4486 von
880 4427 948 4486 πολι)
965 4427 1071 4498 μᾶλλον
1089 4430 1220 4498 Theogn.
1234 4433 1287 4485 853
1305 4431 1345 4485 ist
