3036 4844
646 277 869 338 ..21-

171 467 285 538 Ordine
320 468 494 552 καταθήσειν
517 468 608 530 παισὶν
642 468 789 550 praebet
847 466 944 550 Quod
978 466 1141 533 distichon
1175 465 1253 547 quid
1282 465 1345 532 Sibi

169 583 252 650 velit
273 582 428 650 facillime
450 582 665 666 intellegitur:
699 582 775 649 Non
803 581 921 649 melius
957 586 1008 649 est
1041 581 1118 648 filiis
1153 582 1344 648 thesaurum
1392 596 1395 601 ’
1445 599 1449 607 ·

170 717 384 780 coacervare,
420 699 477 765 sed
501 698 611 781 potius
634 697 823 782 petentibus
846 697 927 766 viris
951 697 1059 780 bonis,
1096 698 1219 781 cyrne,
1255 698 1344 764 dato.

169 817 266 882 Haec
287 815 357 881 fere
380 813 565 897 exprimere
588 814 734 881 voluisse
757 820 890 896 poetam
913 818 1063 899 apparet.
1115 814 1179 882 Sed
1207 832 1248 880 ne
1271 814 1346 897 plu-

168 930 271 997 rimas
295 930 436 997 offensas
460 935 493 996 et
517 930 559 997 ad
575 926 826 1014 grammaticam
843 936 876 997 et
892 931 935 997 ad
950 931 1127 997 verborum
1143 934 1344 996 structuram

169 1045 371 1128 pertinentes
394 1051 598 1129 repetamus,
634 1064 717 1127 quas
741 1046 780 1114 Ο.
806 1045 954 1129 Orueger
975 1066 1007 1129 p.
1033 1051 1075 1112 26
1104 1045 1346 1114 dissertationis
1403 1106 1406 1112 .

170 1160 390 1243 enumeravit,
419 1179 518 1242 quam
540 1161 663 1244 inepta,
698 1181 739 1228 ne
763 1161 871 1228 dicam
894 1161 997 1229 futilis
1021 1161 1064 1229 sit
1087 1161 1249 1229 sententia
1270 1164 1347 1228 luce

171 1275 293 1342 clarius
317 1282 367 1343 est
386 1295 493 1358 neque
513 1276 688 1358 quisquam
711 1277 783 1359 erit,
808 1278 886 1359 quin
906 1277 1077 1360 concedat3
1102 1278 1141 1344 cf.
1154 1279 1344 1345 ¹Usenerum

170 1391 204 1456 in
237 1391 444 1458 Fleckeisen
483 1392 594 1459 annali
628 1392 794 1477 philologo
836 1398 920 1459 1878
955 1413 987 1475 p.
1012 1397 1065 1459 70.
1134 1392 1230 1477 Quod
1264 1412 1346 1460 vero

170 1508 210 1576 0.
232 1507 380 1591 Crueger
402 1508 437 1574 in
460 1507 628 1575 Welckeri
652 1508 848 1574 sententiam
872 1508 1011 1592 pedibus
1034 1508 1071 1591 it,
1095 1527 1117 1575 a
1140 1527 1204 1590 quo
1227 1527 1347 1576 versus

169 1622 204 1688 iu
226 1623 440 1705 parodiarum
463 1642 637 1690 numerum
659 1623 784 1706 recepti
807 1629 894 1706 sunt,
922 1624 1034 1690 miror.
1092 1626 1180 1691 Nam
1215 1624 1244 1691 si
1272 1624 1346 1706 quis

170 1758 287 1806 versus
310 1738 391 1806 istos
415 1758 475 1822 per
497 1738 670 1822 parodiam
694 1757 905 1820 corrumpere
939 1738 973 1803 in
1007 1739 1116 1805 animo
1152 1739 1278 1820 habuit,
1314 1739 1344 1806 ei

170 1874 230 1936 per
252 1860 359 1922 toturn
383 1855 556 1937 distichon,
579 1874 645 1921 non
668 1874 844 1936 perunum
860 1859 1103 1937 pentametrum
1121 1853 1344 1920 cavillandum

171 1969 413 2052 ludibriumque
448 1970 666 2038 exercendum
702 1971 773 2037 fuit.
839 1971 921 2037 Nati
963 1975 1039 2037 sunt
1082 1975 1181 2052 atque
1224 1969 1344 2036 detorti

171 2106 203 2153 1.
222 2091 439 2152 1161-1162
457 2107 485 2152 1.
501 2107 533 2153 v.
550 2091 737 2153 409-410.
775 2086 993 2154 Concedimus
1009 2123 1053 2132 -—
1068 2105 1145 2152 nam
1168 2085 1272 2152 nimia
1294 2091 1346 2153 est

173 2185 346 2270 uerborum
369 2202 549 2269 similitudo
574 2239 628 2283 -,
657 2201 715 2268 sed
739 2202 801 2269 hoc
822 2220 888 2268 non
910 2201 958 2267 ita
982 2201 1104 2267 factum
1128 2200 1273 2284 videtur,
1307 2206 1345 2266 ut

178 2317 311 2386 hominis
336 2318 476 2385 alicuius
498 2317 698 2402 ingeniolum
721 2317 756 2384 in
784 2318 831 2384 eis
866 2318 985 2384 lusisse
1019 2322 1186 2400 putemus3
1221 2316 1343 2384 rectius

175 2433 320 2501 lectionis
344 2434 586 2516 discrepantiae
610 2434 659 2500 ita
680 2433 883 2525 ¹videbuntur
906 2438 998 2500 ortae
1022 2453 1105 2515 esse,
1128 2438 1166 2499 ut
1185 2433 1288 2500 verba
1310 2432 1343 2498 in

172 2549 283 2616 codice
299 2549 483 2630 antiquiore
498 2549 618 2616 vitiata
641 2567 663 2615 a
684 2542 795 2618 nescio
819 2567 883 2635 que
906 2550 1062 2616 restituta
1084 2549 1344 2630 sententiamque

171 2665 335 2732 inficetam
358 2665 452 2731 illam
481 2665 612 2746 quidem
640 2670 673 2731 et
707 2670 807 2746 poeta
840 2664 1009 2748 indignam
1044 2682 1237 2748 expressam
1272 2684 1346 2732 esse

171 2780 363 2855 iudicemus.
411 2780 504 2864 Quae
528 2799 603 2846 cum
625 2780 674 2846 ita
697 2779 777 2861 sint,
812 2779 921 2846 facere
943 2799 1009 2846 non
1037 2781 1230 2862 poterimus,
1267 2780 1344 2862 quin

172 2897 212 2963 de
236 2897 364 2964 duobus
388 2895 539 2963 inlibris
563 2895 772 2962 exstantibus
801 2894 964 2962 distichon
998 2895 1082 2962 illud
1115 2896 1343 2963 tantummodo

172 3013 353 3097 Theognidi
382 3013 603 3096 assignemus,
639 3011 727 3093 quod
750 3011 902 3079 versibus
937 3017 1115 3078 409—410
1149 3012 1343 3079 continetur.

171 3130 220 3195 At
242 3131 383 3196 fortasse
408 3129 573 3211 quispiam
596 3127 719 3195 dixerit
744 3128 847 3194 totius
882 3127 1176 3211 argumentationis
1210 3133 1344 3195 nostrae

78 3241 80 3245 ”
171 3262 335 3311 summam
357 3244 517 3311 vacillare
540 3248 574 3310 et
597 3243 785 3310 claudicare
820 3260 861 3310 ea
894 3263 945 3325 re,
981 3243 1069 3325 quod
1103 3261 1177 3310 eam
1212 3241 1344 3311 distichi

170 3359 409 3442 recensionem,
440 3379 539 3442 quam
564 3359 727 3428 Stobaeus
750 3359 871 3426 XXXI
897 3365 937 3423 16
972 3359 1006 3424 in
1034 3359 1142 3443 capite
1165 3358 1227 3444 περὶ
1250 3358 1344 3429 αἰδοῦς

171 3476 313 3558 exhibet,
339 3476 469 3543 omnino
484 3495 551 3543 non
566 3475 782 3559 respeximus.
822 3476 917 3560 Quod
939 3493 1035 3543 secus
1056 3495 1092 3542 se
1108 3476 1232 3541 habere
1247 3475 1344 3542 facile

170 3610 359 3674 cognosces,
395 3591 423 3658 si
459 3593 607 3675 eclogam
630 3591 665 3656 in
687 3591 774 3658 hunc
796 3592 929 3659 modum
953 3591 1041 3673 apud
1065 3592 1244 3659 Stobaeum
1268 3609 1344 3658 con-

169 3708 337 3775 cinnatam
361 3707 550 3775 accuratius
572 3706 771 3789 inspexeris:

384 3858 497 3924 Οὐδένα
520 3859 666 3945 θησαυρὸν
688 3860 867 3944 assedisset
891 3858 968 3921 ἔνδον
992 3859 1099 3941 ἀμείνω

385 3975 488 4052 αἰδοῦς,
510 3978 547 4061 ἣν
570 3973 687 4058 ἀγαθοῖς
710 3951 845 4060 ἀνδράσι,Ι
859 3973 962 4060 Κύρνε,
985 3973 1077 4044 δίδως.

168 4138 241 4203 Η11
261 4154 379 4202 111111
396 4137 474 4202 sive
498 4154 519 4203 a
535 4135 678 4204 Stobaeo
702 4128 773 4202 sive
796 4137 840 4202 ab
864 4154 912 4218 eo,
937 4135 1030 4202 cuius
1047 4133 1168 4201 serinia
1182 4133 1239 4200 ille
1256 4153 1344 4200 com-

169 4251 298 4333 pilavit,
323 4270 341 4317 e
365 4253 494 4320 duabus
518 4252 607 4335 apud
628 4252 853 4335 Theognidem
875 4251 1082 4318 exstantibus
1098 4251 1344 4319 recensionibus

168 4367 217 4432 ita
240 4367 482 4449 conglutinatos
506 4386 579 4434 esse
603 4376 756 4450 apparet,
790 4373 828 4433 ut
854 4385 913 4450 pro
937 4365 1029 4429 παισὶν
1052 4365 1129 4430 ἔνδον
1154 4366 1243 4433 etin
1265 4388 1343 4451 pen·
