3036 4844
646 280 703 298 -.
735 249 765 310 71’
796 280 853 303 ··.1·..

156 441 256 517 poeta
283 437 356 518 ipse
384 437 510 501 indicat
543 460 591 501 vv.
610 437 692 520 27s8.
736 434 853 522 Neque
881 420 944 505 hoo
974 439 1125 504 dubitare
1154 438 1231 504 licet
1258 461 1330 505 meo

158 546 291 628 quidem
314 547 447 627 iudicio,
470 548 551 630 quin
574 545 702 631 Cyrnus
725 547 882 632 ἐρώμενος
903 549 1005 614 fuerit
1027 549 1226 634 Theognidis
1236 554 1272 635 ¹),
1295 559 1342 617 ut⁴

159 679 232 721 eum
263 658 437 741 inscriptio
465 659 588 723 codicis
610 658 630 721 b
653 666 686 723 et
706 659 827 725 Suidas
855 660 1033 743 appellant.
1077 658 1173 742 Quod
1198 662 1331 744 quidem

158 789 198 831 ex
221 769 367 848 versibus
391 770 494 853 25314,
516 770 619 855 atila,
641 770 733 855 essse
757 772 915 852 sequitur,
939 772 967 836 si
984 771 1117 853 genuini
1132 777 1219 853 sunt,
1243 772 1331 854 quod

158 878 308 959 equidem
332 899 397 944 non
422 879 536 944 dubito
556 886 636 963 (qua
659 879 700 944 de
723 901 759 944 re
776 879 890 965 infra).
934 879 1050 965 Neque
1071 887 1121 946 est
1142 903 1201 946 cur
1220 903 1344 947 maen--

156 988 222 1052 lam
256 991 352 1054 huius
391 993 511 1055 amoris
553 993 641 1056 omni
683 1012 783 1074 opera
821 990 1008 1074 Theognidi
1038 991 1173 1057 abluere
1205 992 1331 1066 labore·

157 1121 246 1180 mus,
275 1123 349 1165 eum
382 1102 482 1165 etiam
509 1101 590 1165 alios
619 1106 735 1184 poetas
763 1101 911 1167 Graecos
933 1103 1183 1179 vetereslibere
1206 1110 1239 1168 et
1261 1104 1331 1168 sine

156 1211 352 1274 verecundia
370 1211 502 1277 παιδικά
523 1232 585 1276 sua
606 1211 772 1277 celebrare
795 1213 1030 1296 libidinemque
1052 1213 1204 1296 profiteri
1224 1214 1332 1278 videa-

158 1341 239 1384 mus.
285 1321 429 1386 Nomino
452 1322 624 1400 Alcaeum,
653 1321 885 1388 Mimnermum
907 1329 941 1389 et
963 1324 1216 1405 Anacreontem,
1239 1322 1332 1390 Solo-

156 1452 248 1512 nem,
278 1431 416 1515 Ibycum
427 1433 461 1512 θ).
511 1434 625 1515 Atque
647 1432 792 1514 Megaris
816 1434 959 1517 quidem,
984 1435 1019 1498 id
1041 1434 1135 1518 ‘quod
1163 1433 1206 1498 ad
1227 1432 1332 1498 Theo-

158 1541 290 1623 gnidem
312 1545 425 1623 magni
446 1543 562 1625 refert,
594 1565 658 1626 quo
691 1565 796 1626 paene
819 1545 852 1608 in
879 1544 1005 1610 honore
1039 1565 1131 1609 amor
1156 1566 1332 1627 puerorum

159 1649 274 1732 fuerit,
304 1651 401 1718 docet
422 1653 594 1719 Theocriti
616 1651 719 1740 Ἁῒτης
735 1677 784 1720 vv.
804 1659 843 1718 27
857 1654 971 1739 sqq.⁸).
1016 1653 1224 1738 Quamquam
1247 1657 1346 1721 hanc-

160 1762 430 1828 consuetudinem
449 1786 534 1846 quae
556 1765 643 1829 inter
666 1763 892 1846 Theognidem
919 1770 952 1828 et
974 1762 1120 1848 Cyrnum
1143 1766 1335 1831 intercesse-⁴

158 1873 219 1953 rit,
250 1893 291 1938 ne
322 1874 489 1955 putaveris
523 1874 606 1939 adeo
636 1880 766 1957 turpem
794 1879 852 1938 aut
881 1873 1079 1939 obscaenam
1105 1873 1217 1942 fuisse.
1270 1874 1335 1940 Est

159 1984 271 2065 potius
304 1983 384 2067 ἔρως
412 1983 469 2049 ille
494 1979 637 2067 οὐράνιος
657 1983 827 2064 Platonis,
860 1981 1024 2066 cupiditas
1051 1984 1182 2049 virtutis
1216 1985 1334 2050 animis

159 2094 418 2158 adolescentium
440 2114 672 2176 generosorum
691 2094 899 2176 inserendae,
922 2097 1013 2159 cuius
1033 2098 1153 2161 amoris
1169 2097 1336 2180 exemplar

153 2204 458 2287 praeclarissimum
495 2206 527 2269 in
555 2203 713 2270 convivio
750 2205 905 2273 Socrates
940 2205 1137 2289 depingitur.
1187 2205 1333 2274 Idoneus

158 2322 209 2380 est
230 2316 329 2379 etiam
353 2336 418 2397 quo
441 2314 527 2379 ratio
550 2315 609 2380 illa
631 2337 716 2399 quae
739 2316 925 2382 intercedat
942 2317 1028 2382 inter
1049 2316 1179 2404 ἐραστήν
1199 2323 1233 2383 et
1254 2315 1331 2403 ἐρώ-

159 2448 252 2506 μενον
272 2426 417 2491 notionis
437 2427 581 2510 optimae
601 2427 796 2509 illustretur,
814 2428 906 2493 loeus
929 2425 1098 2492 Theocriti
1125 2431 1174 2508 13,
1195 2428 1264 2513 8⁴).
1290 2447 1332 2477 -‘-

158 2535 313 2603 Ceterum
344 2537 388 2601 ad
423 2537 655 2603 illustrandum
687 2539 851 2622 quomodo
889 2537 1054 2620 Theognis
1089 2557 1192 2620 puero
1225 2544 1334 2602 amato

158 2653 337 2731 praecepta
353 2648 481 2713 dederit
492 2649 646 2732 quodque
657 2649 758 2716 fuerit
772 2650 856 2714 inter
871 2669 926 2715 eos
943 2647 1185 2730 commercium,
1202 2655 1347 2731 praeter¹

159 2778 269 2822 omnes
293 2759 364 2841 apti
385 2765 587 2825 suntversus
602 2760 679 2825 inde
697 2781 718 2824 a
739 2764 820 2824 1049
843 2758 1006 2843 usquead
1025 2762 1118 2837 1058,
1141 2780 1225 2841 quos
1247 2759 1335 2824 inter

161 2889 196 2933 se
219 2870 466 2952 coniungendos
488 2890 560 2934 esse
580 2890 774 2952 persuasum
797 2870 935 2934 habeo..
1313 2880 1316 2885 ’

245 2979 312 3046 Sed
337 2980 403 3044 iam
433 2982 512 3045 satis
538 2980 643 3045 multa
671 2981 711 3045 de
733 3002 785 3046 re:
814 2980 982 3044 videamus
1005 2978 1084 3061 quid
1107 2999 1148 3042 ex
1172 2977 1219 3041 eis
1249 2998 1333 3059 quae

160 3090 397 3172 disputavimus
419 3097 586 3174 sequatur.
621 3089 716 3157 Nihil
736 3089 826 3165 aliud
842 3090 907 3154 nisi
929 3089 1001 3170 hoe,
1025 3088 1171 3156 carmina
1191 3107 1231 3151 ea
1251 3108 1335 3169 quae

248 3313 269 3381 ¹)
288 3312 335 3366 Sic
352 3313 408 3367 iem
426 3311 622 3366 Schneidewin
639 3330 667 3382 p.
679 3314 722 3366 47.

245 3414 269 3482 ⁸)
288 3414 330 3470 of.
356 3415 413 3468 Oic.
437 3414 518 3468 Tusc.
536 3414 580 3470 IV
597 3417 646 3479 33,
670 3416 711 3470 71.
753 3413 837 3468 Adde
868 3413 944 3482 quod
966 3409 1087 3466 Horatio
1111 3412 1141 3465 in
1166 3412 1335 3466 carminibus

160 3500 359 3577 componendis
384 3500 431 3553 ubi
458 3517 539 3570 saepe
563 3501 598 3554 de
622 3499 716 3568 pueris
739 3499 863 3569 pulchris
887 3516 977 3553 sermo
995 3499 1035 3565 fit,
1060 3499 1193 3553 Alcaeum
1212 3501 1241 3551 et
1259 3496 1336 3551 Ana·

161 3589 301 3640 creontem
320 3586 447 3653 exemplo
465 3585 550 3638 fuisse
568 3589 674 3638 certum
692 3589 742 3640 est.
773 3584 845 3639 Vide
863 3585 948 3638 etiam
965 3583 1123 3654 fragments
1140 3584 1251 3637 illorum
1270 3599 1336 3653 poe·

160 3675 266 3737 tarum,
291 3675 322 3724 ut
349 3672 453 3724 Anser.
472 3672 553 3735 2-4,
570 3672 620 3735 at,
637 3671 685 3731 45,
703 3672 751 3736 663
776 3669 886 3724 Solonis
904 3671 1014 3723 24-26.
1057 3668 1100 3723 Of.
1122 3669 1152 3721 in
1174 3669 1334 3721 universum

162 3755 384 3811 Herwerdenum
403 3754 657 3809 animadversiones
674 3752 710 3806 ad
728 3753 852 3824 Theogn.
870 3773 897 3825 p.
909 3756 949 3809 16.

247 3859 269 3929 ³)
287 3860 352 3913 Hoc
370 3863 448 3913 recte
466 3856 668 3912 monetChrist
683 3856 791 3912 Griech.
804 3854 1066 3926 Litteraturgesch.⁹
1083 3872 1110 3923 p.
1126 3856 1176 3907 114
1194 3871 1216 3907 o.
1235 3851 1298 3906 adn.
1312 3856 1336 3918 7,

162 3946 210 4012 qui
228 3945 263 3999 de
280 3949 342 3998 tote
359 3946 521 4012 quaestione
539 3960 603 3998 vere
621 3941 733 3996 iudicat.

248 4047 272 4115 ⁴)
292 4046 382 4114 Quem
400 4050 568 4116 comparent
584 4044 708 4099 Leutsch
726 4045 755 4097 in
768 4043 867 4100 Philol.
879 4042 966 4096 XXX
983 4060 1011 4112 p.
1023 4043 1074 4096 227
1093 4044 1121 4094 et
1139 4039 1232 4108 Bergk
1249 4057 1276 4107 p.
1286 4041 1337 4094 320

163 4131 286 4198 adn.86,
312 4133 361 4202 qui
384 4136 479 4186 tamen
504 4148 627 4186 amorem
650 4129 786 4200 puerilem
811 4127 979 4198 Theognidis
1002 4144 1059 4181 non
1083 4131 1160 4181 recte
1185 4124 1337 4194 imaginem

164 4219 304 4287 poeticam
321 4235 338 4272 e
355 4217 519 4288 Theognide
536 4216 630 4272 fictam
647 4216 874 4286 interpretantur.
