3036 4844
658 285 867 345 ..ης-

222 477 254 535 et
277 477 446 554 Δειμαίνω,
466 473 512 561 μη
534 472 625 560 τήνδε
648 474 749 551 πόλιν,
774 476 970 565 Πολυπαΐδη,
998 476 1087 564 ὕβρις

366 579 448 670 ἥπερ
469 585 662 670 Κενταύρους
683 583 877 671 ὠμοφάγους
899 587 999 675 ὀλέοη.

172 725 213 791 In
236 727 288 792 hia
310 731 433 796 morari
455 752 572 814 operae
594 732 736 814 pretinm
756 753 822 797 non
846 740 897 798 est
923 739 944 814 ).

258 873 304 939 Ut
320 875 386 940 iam
411 878 594 980 {exemplum
618 877 842 960 adhibeamus,
867 880 956 960 qnod
979 881 1139 947 maiorem
1155 884 1257 951 habet
1278 908 1347 970 spe·

171 989 263 1069 ciem,
286 1009 399 1053 versus
425 992 592 1052 1267-70

274 1142 355 1212 Παῖς
375 1159 409 1200 τε
429 1137 480 1198 καὶ
499 1133 600 1210 ἵππος
619 1131 729 1216 ὁμοῖον
750 1134 814 1216 ἔχει
836 1133 1003 1201 νόονοῦτε
1025 1137 1085 1223 γὰρ
1106 1137 1208 1217 ἵππος

366 1240 492 1332 ἡνίοχον
513 1246 616 1309 κλαίει
637 1249 775 1327 κείμενον
797 1245 830 1311 ἐν
853 1251 947 1332 κονίῃ,

271 1354 355 1420 ἄλλα
377 1354 430 1419 τὸν
448 1350 576 1437 ὕστερον
597 1353 695 1439 ἄνδρα
717 1362 806 1440 φέρει
828 1362 969 1443 κριθαῖοι
990 1362 1161 1442 κορεσθείς·

367 1462 412 1543 οίς
433 1465 566 1543 δἀὔτανς
586 1467 638 1530 καὶ
662 1479 739 1543 παῖς
757 1468 811 1532 τόν
832 1469 989 1552 παρεόντα
1007 1470 1094 1553 φιλεῖ

170 1633 232 1677 vau
265 1613 323 1677 der
345 1611 422 1695 Mey
449 1618 493 1695 (p.
516 1616 569 1692 29)
601 1618 635 1677 et
663 1611 809 1678 Gorsenn
838 1619 882 1697 (p.
909 1620 947 1679 10
968 1635 1016 1697 sq.
1043 1621 1076 1680 et
1098 1619 1151 1713 37)
1180 1615 1349 1699 parodiam

170 1729 356 1808 agnoscunt
377 1745 528 1788 versuum
553 1728 722 1787 1157-60

273 1869 414 1946 Πλοῦτος
435 1873 487 1935 καὶ
507 1874 602 1956 σοφίη
622 1875 752 1956 θνητοῖς
769 1867 976 1951 ἀμαχώτατον
998 1869 1078 1933 αἰεί·

365 1979 436 2045 odes
458 1980 518 2064 γὰρ
542 1975 580 2044 dv
601 1983 739 2046 πλούτου
759 1981 862 2062 θυμὸν
880 1977 1119 2064 ὑπερκορέσαις·

272 2088 318 2168 οἷς
339 2090 471 2168 ὁάὕτως
491 2097 602 2177 σοφίην
626 2087 643 2154 ὁ
665 2091 849 2176 σοφώτατος
867 2087 923 2156 οὐκ
944 2089 1133 2176 ἀποφεύγει,

367 2199 437 2265 ἄλλ’
461 2200 578 2284 ἔραται,
602 2203 704 2283 θυμὸν
726 2200 793 2266 δὀὔ
816 2201 945 2266 δύναται
967 2203 1096 2268 τελέσαι.

171 2344 327 2412 Concedo
352 2346 537 2410 universam
561 2345 699 2410 formam
729 2348 968 2413 sententiarum
993 2347 1132 2410 similem
1154 2366 1236 2427 esse,
1261 2368 1345 2430 qnae

169 2464 281 2524 tamen
313 2462 434 2521 natura
469 2456 706 2520 sententiarum
738 2459 811 2541 ipsa
844 2459 1036 2542 explicatur.
1086 2455 1238 2539 Namque
1272 2478 1346 2522 cum

169 2568 276 2634 altera
302 2589 398 2632 versu
431 2566 536 2650 primo
571 2571 849 2650 comparationem
881 2569 1003 2634 babeat
1032 2571 1143 2649 (1267)
1179 2588 1264 2650 quae
1299 2568 1346 2632 in·

170 2678 384 2762 sequentibus
418 2699 515 2762 quam
549 2700 628 2743 vera
665 2685 749 2744 esset
787 2679 1079 2745 demonstrandum
1112 2682 1201 2758 erat,
1241 2678 1347 2743 altera

170 2812 324 2874 gnomam
354 2811 438 2873 quae
467 2790 547 2854 item
570 2790 731 2854 illustrari
759 2788 910 2872 debebat,
935 2789 1030 2854 facile
1053 2789 1123 2854 fieri
1150 2795 1282 2873 poterat
1309 2796 1347 2854 ut

169 2902 276 2970 verbis
299 2901 369 2968 οὔτε
391 2903 451 2989 γάρ
473 2902 651 2986 explicatio
677 2901 822 2967 daretur.
869 2901 982 2984 Atque
1005 2900 1093 2982 quod
1120 2900 1163 2964 ad
1183 2898 1346 2964 vocabula

168 3015 258 3099 ipsa,
289 3015 379 3097 qnod
408 3018 509 3098 poeta
539 3013 694 3079 carminis
717 3013 870 3078 amatorii
896 3012 996 3077 verba
1020 3009 1067 3088 τίς
1094 3008 1227 3086 ὃάὔτως
1248 3011 1345 3076 initio

169 3146 283 3190 versus
305 3127 416 3209 ponit,
448 3126 511 3190 hoo
535 3147 599 3190 non
620 3124 742 3189 habere
766 3123 863 3188 debet
885 3144 926 3188 ex
953 3144 982 3186 v.
1013 3126 1105 3187 1159.
1151 3120 1257 3187 Immo
1281 3122 1346 3187 usi·
1376 3152 1379 3156 ·

169 3240 274 3300 tatum
298 3235 380 3300 illud
402 3242 453 3301 est
474 3235 562 3318 apud
585 3240 701 3318 poetas
726 3236 833 3318 epicos
859 3255 997 3316 qnorum
1020 3233 1103 3298 locis
1136 3239 1169 3296 et
1197 3231 1346 3297 formulis

169 3348 268 3411 etiam
289 3352 408 3429 poetae
430 3345 568 3427 elegiaci
589 3351 727 3410 utuntur
738 3344 776 3427 2).
822 3343 888 3410 Sed
917 3343 1004 3426 quod
1035 3349 1113 3408 ante
1138 3341 1239 3409 verba
1262 3365 1294 3426 q.
1320 3364 1345 3409 s.

169 3454 215 3534 ὥς
231 3456 365 3532 δἀἰίτως
393 3456 493 3521 etiam
519 3454 627 3520 forma
648 3455 739 3519 verbi
764 3460 924 3541 κορίννομι
948 3460 1088 3538 utroque
1110 3454 1182 3519 loco
1214 3453 1346 3536 legitur,

169 3588 260 3633 mero
284 3569 374 3633 casui
396 3565 607 3631 tribuendum
635 3573 701 3647 est,
733 3566 820 3630 undo
852 3565 935 3630 nihil
958 3565 1229 3643 concludendum,
1252 3587 1346 3650 prae·

169 3679 283 3745 sertim
306 3699 378 3743 cum
403 3678 535 3742 verbum
558 3683 697 3761 utroque
719 3677 792 3743 loco
815 3678 974 3743 derebus
998 3677 1135 3741 diversis
1158 3683 1346 3760 usurpetur.

168 3792 288 3874 Itaque
320 3790 501 3856 concedere
533 3808 596 3852 non
629 3809 764 3872 possum
794 3810 926 3856 carmen
961 3788 1001 3852 de
1035 3807 1100 3870 quo
1133 3788 1243 3870 agitur
1274 3807 1346 3853 esse

256 3993 278 4062 ¹)
297 3994 361 4049 Van
379 3995 430 4048 der
447 3993 523 4062 Meyi
541 3996 708 4048 sententiam
726 3995 787 4047 inre
805 3992 887 4076 reicit
905 3990 1030 4044 Gorsenn
1048 4009 1076 4061 p.
1094 3993 1136 4045 39.

255 4079 434 4149 ²)'1lxempla
449 4080 514 4135 vide
533 4079 607 4149 apud
625 4079 802 4134 Bennerum:
833 4077 904 4132 Uber
927 4077 978 4131 doe
996 4074 1195 4131 Formelweaca
1218 4074 1258 4129 im
1274 4074 1345 4146 pric-
1408 4119 1411 4125 .

167 4165 291 4222 obiacben
319 4165 395 4235 Epor
420 4166 481 4220 aad
506 4165 611 4235 cpiecbe
638 4163 865 4220 Remiuiaccmea
891 4162 922 4217 iu
952 4162 1000 4216 der
1026 4161 1131 4216 ᾶίίοναι
1158 4160 1344 4231 ηνίοοίιίτοίιτο

167 4253 270 4328 Ellopia,
289 4252 365 4321 Lips.
385 4254 459 4316 1872,
477 4270 504 4322 p.
522 4253 556 4304 58
573 4268 600 4304 n.
618 4251 643 4304 a
