3036 4844
618 243 825 302 ..15-

138 433 252 514 Atque
276 433 354 515 quia
376 454 505 498 versum
528 434 666 516 simplici
689 432 787 497 modo
811 434 882 498 scil.
906 439 971 498 uno
992 434 1091 498 verbo
1115 435 1311 518 corrigendo

138 541 275 627 despero
306 544 473 608 emendari
503 566 617 627 posse,
654 545 818 608 distichon
848 551 923 626 post
952 566 979 608 r.
1012 549 1074 609 328
1105 547 1311 612 intercidisse

138 653 289 735 arbitror,
315 677 379 738 quo
403 655 545 719 disticho
570 656 689 719 amisso
711 675 784 718 curn
808 656 915 718 oratio
938 654 1056 734 hiaret,
1080 656 1122 720 ab
1146 657 1258 739 aliquo
1278 646 1310 722 in

137 787 167 829 ν.
191 769 252 828 328
277 771 415 830 exeunte
438 766 546 851 φέρειν
568 767 710 848 positum
734 786 814 844 esse,
845 773 881 828 ut
911 766 1009 846 plena
1032 765 1218 831 efficeretur
1242 790 1312 833 sen-

138 876 291 957 tentiaP).
335 876 509 941 Sententia
531 881 641 939 autem
665 896 763 958 quam
784 875 921 958 protulit
936 882 1047 957 poeta,
1071 877 1195 959 duplici
1216 880 1313 943 modo

137 987 314 1069 propagari
343 991 476 1068 poterat
504 988 537 1050 in
562 986 608 1050 eis
637 1007 721 1067 quae
745 987 868 1050 amissa
890 993 984 1069 pute,
1015 994 1088 1052 aut:
1120 990 1230 1053 delicte
1257 992 1314 1053 sol'

137 1097 188 1161 dei
217 1118 279 1161 nere
312 1099 495 1161 eemrrer‘ttere
529 1100 640 1177 soleret,
674 1103 747 1160 aut:
778 1097 828 1160 clei
859 1099 969 1162 nelrrnt
998 1107 1123 1181 peeeete
1154 1101 1314 1166 hominurn

139 1212 244 1272 omniu
262 1211 386 1292 punire.

224 1346 302 1411 Jam
331 1355 538 1412 transeamus
567 1345 609 1409 ad
638 1367 687 1408 vv.
718 1348 906 1426 scr-900,
942 1347 998 1428 qui
1029 1347 1062 1410 in
1096 1346 1187 1411 libris
1216 1369 1314 1412 manu

140 1457 269 1540 scriptis
285 1480 441 1543 perquam
465 1458 610 1539 corrupti
626 1457 780 1538 leguntur
794 1456 963 1538 multaque
979 1459 1123 1523 virorum
1141 1458 1315 1523 doctorum

140 1569 322 1632 tentamina
343 1569 433 1650 passi
455 1575 540 1633 sunt.
578 1567 630 1632 De
652 1567 771 1649 quibus
794 1568 874 1651 quid
892 1589 953 1632 nos
975 1569 1155 1633 iudicemus
1172 1568 1315 1632 breviter

141 1699 352 1760 exponamus.
405 1680 552 1744 Primum
585 1700 658 1743 curn
684 1677 870 1760 Hartungio
897 1682 949 1742 καί
977 1700 1036 1759 pro
1071 1675 1115 1755 ιῦς
1144 1702 1172 1742 v.
1197 1685 1259 1742 898
1283 1685 1315 1742 et

45 1819 51 1830 ·
141 1809 215 1853 cum
232 1789 424 1855 Hermanno
446 1797 509 1854 τῶν
530 1814 563 1855 τε
580 1789 709 1854 δικαίων
729 1797 791 1853 τιῦν
812 1788 958 1853 τἰἷὸίκων
979 1790 1013 1851 in
1029 1789 1175 1854 versibus
1192 1790 1315 1852 ultimis

141 1901 323 1967 scribimus.
367 1901 499 1966 Deinde
522 1903 555 1965 id
575 1900 739 1983 agendum
763 1906 799 1964 ut
821 1921 939 1963 nomen
956 1899 1052 1964 Jovis
1077 1900 1128 1963 vel
1152 1899 1315 1981 generalis

141 2011 342 2098 significatio
364 2013 500 2077 deorum
519 2049 560 2058 -
582 2034 655 2075 narn
682 2010 722 2075 de
747 2011 880 2074 numine
903 2010 1012 2074 divino
1034 2011 1123 2075 vitiis
1146 2010 1316 2074 hominum

141 2124 334 2205 indulgente
353 2124 406 2206 agi
421 2124 495 2188 luce
511 2124 631 2187 clarius
656 2127 706 2188 est
728 2161 767 2168 —
791 2124 996 2188 restituatur.
1036 2123 1086 2186 At
1108 2121 1211 2186 ceteri
1232 2142 1316 2202 quae

140 2233 384 2318 proposuerunt
410 2234 517 2299 facere
547 2255 612 2297 non
640 2255 773 2315 possum
797 2235 876 2316 quin
899 2235 1040 2298 reiciam.
1092 2234 1225 2298 Etenim
1252 2234 1318 2296 iarn

141 2345 218 2410 inde
242 2343 330 2429 quod
352 2352 421 2410 tarn
443 2346 652 2409 vehementer
681 2345 809 2409 variant
838 2345 994 2409 lectiones
1017 2346 1216 2427 propositae,
1247 2365 1315 2407 rem

143 2463 282 2541 apparet
315 2457 377 2521 hac
410 2457 464 2521 via
498 2478 570 2520 cum
601 2455 837 2538 probabilitate
869 2457 911 2520 ad
948 2456 1046 2520 finem
1080 2456 1215 2538 perduci
1251 2475 1316 2518 non

142 2590 248 2650 posse.
290 2569 431 2633 Accedit
453 2568 539 2652 qnod
563 2566 726 2650 quomodo
755 2567 804 2630 illi
832 2568 1077 2649 corruptionem
1109 2587 1194 2647 quae
1219 2565 1317 2628 hodie

143 2686 252 2745 exstat
287 2702 326 2745 ex
359 2682 501 2745 lectione
541 2701 601 2743 sua
635 2679 825 2743 existiment
861 2684 990 2757 natam,
1028 2676 1214 2758 intelligere
1251 2697 1315 2739 non

142 2814 285 2875 possum.
327 2792 492 2874 Equidem
513 2792 540 2854 si
559 2790 680 2855 codicis
697 2800 729 2856 A
751 2790 948 2873 scripturam
973 2810 1013 2850 ex
1035 2809 1100 2869 qua
1123 2788 1192 2850 sine
1216 2785 1317 2848 dubio

143 2903 417 2987 proficiscendum
439 2909 488 2968 est
510 2903 661 2985 respicio,
692 2903 789 2966 aliter
812 2900 929 2963 iudico.
971 2897 1109 2978 Legitur
1137 2897 1223 2958 enim
1254 2894 1316 2957 ibi:

144 3012 238 3094 der’
261 3011 290 3077 εἰ
311 3014 402 3077 πάντ’
424 3012 565 3094 ἄνδρεσσι
592 3017 799 3096 καταθνητοῖς
826 3010 1036 3089 χαλεπαίνειν,
1068 3006 1124 3069 ubi
1146 3005 1237 3069 facili
1262 3025 1317 3068 ne·

144 3124 233 3204 gotio
262 3126 417 3189 restituas
450 3125 646 3203 χαλέπαινεν.
691 3121 844 3188 Conicias
872 3121 975 3203 igitur
1008 3139 1126 3182 nornen
1155 3117 1251 3182 Jovis
1285 3115 1319 3178 in

143 3236 291 3299 versibus
314 3236 584 3300 antecedentibus
606 3256 685 3299 casu
708 3234 850 3316 quodam
875 3232 1029 3297 abscissis
1046 3230 1193 3313 positum
1208 3227 1318 3291 fuisse.

144 3345 244 3428 Quod
272 3348 373 3428 magis
403 3346 615 3412 confirmator
645 3368 682 3410 eo
712 3347 801 3427 quod
829 3367 878 3409 vv.
901 3346 1071 3408 scr-900
1101 3341 1192 3405 nullo
1223 3339 1320 3402 modo

142 3456 275 3539 plenam
298 3459 524 3541 integramque
547 3459 686 3540 elegiam
715 3457 826 3522 facere
853 3462 1000 3538 possunt.
1045 3453 1151 3518 Deest
1178 3453 1264 3516 enim
1287 3449 1321 3513 id

145 3590 210 3651 quo
240 3569 392 3634 universa
418 3571 581 3634 sententia
611 3576 754 3651 spectet,
784 3573 996 3652 praeceptum
1027 3564 1136 3648 Cyrno
1168 3562 1320 3640 dandum,

145 3679 188 3744 ad
211 3680 300 3763 quod
322 3682 553 3764 explicandum
576 3680 658 3743 haec
681 3679 862 3744 adduntur:
886 3677 1013 3762 Jupiter
1038 3679 1119 3740 enirn
1143 3679 1169 3738 si
1190 3673 1320 3737 henrici-

145 3790 201 3855 bes
220 3792 359 3856 eruribus
379 3795 562 3856 irasceretur
578 3795 639 3854 ete.
676 3787 700 3852 J
704 3810 755 3852 am
780 3791 922 3855 elucebit
937 3788 973 3852 id
995 3787 1082 3870 quod
1098 3786 1321 3849 desideremus

145 3903 308 3968 contineri
329 3925 376 3969 vv.
394 3906 542 3967 323-28
565 3903 691 3982 hosque
715 3920 788 3964 cum
808 3901 956 3965 versibus
979 3897 1102 3962 nostris
1126 3901 1320 3959 connecten-

232 4137 256 4204 1)
275 4135 375 4190 Finem
392 4152 488 4191 versus
507 4133 722 4202 interpolatione
740 4135 877 4185 resartum
896 4131 978 4198 putat
991 4128 1097 4182 Usener
1114 4125 1323 4195 presterum

146 4221 230 4274 etiam
248 4221 283 4275 de
300 4241 345 4276 vv.
359 4226 410 4276 710
429 4227 457 4276 et
475 4224 534 4278 729.
