3030 4846
649 239 859 314 ..22-

253 446 382 532 Quarto
414 446 556 530 denique
586 448 698 529 generi
728 468 768 512 ea
796 448 981 529 monelegia
1003 449 1225 530 attribuimus,
1258 472 1344 535 quae

167 568 240 622 'cum
253 579 294 622 ne
310 565 536 640 argumentum
552 559 684 642 quidem
700 580 774 624 cum
786 558 980 641 Theognide
997 579 1169 625 commune
1185 563 1344 643 habeant,

166 682 301 752 prorsus
329 669 433 734 libere
463 671 646 753 composita
675 677 709 735 et
739 671 868 735 nomine
893 668 993 752 Cyrni
1020 669 1133 735 addito
1164 670 1281 736 fraude
1310 671 1344 735 in

167 779 382 862 Theognidea
412 779 508 844 illata
539 787 623 845 sunt.
670 780 764 845 Haec
794 781 898 862 igitur
928 783 1040 862 spuria
1069 787 1146 845 sunt
1167 781 1345 846 iudicanda

167 891 259 954 velut
282 893 386 976 leuse.
430 890 513 955 Mihi
541 889 674 973 quidem
699 911 820 972 magna
846 891 990 974 suspicio
1020 899 1169 956 movetur
1192 891 1345 972 quotiens

167 1022 241 1065 cum
275 1000 389 1083 elegiis
427 1000 627 1083 Theognidis
664 1001 815 1082 genuinis
852 1021 1006 1084 comparo
1047 1002 1129 1067 haee
1167 1007 1345 1083 praecepta

168 1111 280 1176 ieiuna
309 1111 353 1176 ad
382 1133 547 1195 unamque
580 1119 618 1176 ut
650 1113 698 1177 ita
726 1111 833 1175 dicam
862 1111 1016 1195 crepidae
1049 1112 1188 1178 formam
1217 1111 1344 1177 eonfor-

168 1227 274 1285 mata:

193 1365 302 1449 131l2:
327 1365 423 1432 Ούδὲν
446 1365 478 1431 ἐν
499 1365 697 1450 ἀνθρώποισι
720 1367 841 1449 πατρὸς
861 1368 913 1430 καὶ
934 1369 1051 1453 μητρός
1071 1366 1199 1449 ἄμεινον

408 1475 529 1552 ἔπλεθ’,
553 1474 638 1554 ὅτοις
659 1475 735 1563 ὁσίη,
760 1476 871 1560 Κύρνε,
894 1479 1015 1562 μέμηλε
1036 1478 1115 1564 δίκη.

175 1613 300 1697 sachso:
325 1613 452 1699 Γνώμης
473 1611 589 1678 doddo
605 1612 731 1695 ἄμεινον
753 1609 831 1698 ἄνηρ
852 1612 917 1692 ἔχει
939 1611 1035 1692 αύτδς
1054 1614 1087 1679 ἐν
1109 1612 1205 1701 αύτῷ.

407 1721 473 1788 οὐδ’
496 1721 723 1810 ἀγνωμοσύνης,
747 1723 850 1807 Κύρν’,
874 1720 1102 1811 ὀδυνηρότερον.

173 1859 302 1945 1223f4:
326 1858 430 1937 Ούδέν,
454 1859 562 1944 Κύρν’,
586 1856 682 1945 ὀργῆς
698 1856 895 1941 ἀδικώτερον,
919 1885 938 1945 η
961 1861 1014 1925 τδν
1036 1859 1146 1941 ἔχοντα

409 1975 568 2057 πημαίνει,
590 1974 685 2055 θυμῷ
705 1970 793 2036 δειλοὶ
816 1973 1010 2058 χαριζομένη.

174 2107 303 2188 lanoso:
329 2104 432 2182 Ούδέν,
458 2106 561 2192 Κύρν’,
578 2103 702 2194 ἀγαθῆς
720 2106 948 2191 γλυκερώτερον
969 2106 1033 2173 ἐστι
1051 2108 1203 2191 γυναικός.

411 2217 528 2301 μάρτυς
546 2215 618 2298 ἐγώ,
641 2217 677 2280 σύ
699 2217 725 2282 δ’
746 2216 816 2299 ἐμοὶ
833 2223 918 2301 γίνου
939 2217 1144 2306 ἅληδοσύιης.

173 2383 223 2450 Of.
247 2407 293 2448 vv.
319 2389 410 2470 117s8
435 2408 573 2470 quorum
596 2408 697 2468 supra
721 2387 882 2469 originem
904 2388 1110 2454 edocuimus:

327 2522 482 2611 Κιβδήλοο
502 2517 644 2606 δ’δνδρδς
667 2525 782 2606 γνῶναι
804 2523 1024 2608 χαλεπώτερον
1045 2521 1142 2599 οὐδέν,

413 2632 517 2716 Κύρν’,
540 2631 755 2718 ούδέύλαβίης
774 2633 838 2699 ἐστὶ
861 2635 934 2718 περὶ
954 2635 1093 2711 πλέονος.

260 2785 326 2853 Sed
349 2786 534 2869 monelegia
555 2809 640 2873 quae
661 2793 790 2853 restant
815 2809 880 2853 non
911 2787 1016 2853 audeo
1041 2810 1114 2852 eum
1138 2787 1263 2854 fiducia
1290 2789 1350 2853 ali·

175 2919 241 2980 qua
270 2898 356 2964 inter
383 2919 503 2980 genera
531 2900 589 2964 illa
613 2899 795 2965 discribere
823 2921 896 2963 cum
917 2919 969 2963 res
990 2898 1144 2980 ambigua
1172 2905 1207 2963 et
1228 2917 1350 2979 auceps

175 3009 228 3073 sit.
273 3008 327 3075 Ne
358 3009 398 3074 de
427 3009 493 3074 iliis
524 3011 656 3093 quidem
683 3032 767 3094 quae
789 3011 914 3093 protuli
941 3011 1098 3093 exemplis
1125 3010 1208 3075 adeo
1240 3000 1350 3073 certus
1378 3011 1381 3016 ’

175 3141 257 3201 sum,
277 3142 354 3184 num
373 3141 432 3185 suo
445 3121 600 3205 quodque
615 3122 726 3203 generi
741 3122 923 3187 tribuerim.
948 3122 1169 3205 Quamobrem
1183 3126 1351 3204 praestare

176 3230 256 3294 mihi
278 3215 407 3297 videtur
429 3233 538 3296 omnia
560 3232 744 3314 monelegia
766 3233 800 3296 in
823 3253 924 3295 unum
951 3252 1150 3314 congregare
1175 3237 1208 3296 et
1228 3251 1288 3313 per
1316 3250 1351 3294 se

177 3347 323 3406 tractare
346 3343 388 3406 ab
410 3343 523 3424 elegiis
540 3341 744 3424 Theognidis
764 3341 970 3424 plenioribus
986 3343 1122 3407 seclusa.
1160 3341 1213 3405 Ex
1233 3341 1351 3406 horum

177 3451 391 3517 distichorum
413 3474 512 3536 grege
532 3475 572 3518 ea
594 3475 693 3537 quam
715 3473 815 3535 supra
834 3451 971 3517 fecimus
994 3454 1175 3517 carminum
1192 3450 1352 3534 composi·

176 3563 267 3627 tione
298 3560 439 3627 disticha
466 3560 619 3628 abierunt
647 3564 718 3648 erle
746 3570 779 3628 et
808 3563 933 3648 359160,
963 3568 1172 3629 accesserunt
1191 3561 1353 3648 divisione

179 3673 358 3756 elegiarum
381 3695 430 3737 vv.
454 3675 557 3756 543s4.

263 3811 358 3877 Haeo
380 3804 448 3877 fere
471 3811 633 3876 habebam
657 3811 696 3875 de
720 3810 869 3875 distichis
899 3779 1089 3890 monelegiis
1117 3829 1202 3890 quae
1226 3771 1352 3888 vocavi,

178 3923 242 3986 nisi
264 3922 353 4005 quod
374 3944 422 3987 vv.
447 3923 560 4004 nella
584 3922 639 4005 qui
664 3928 741 3987 sunt

186 4054 205 4080 ⁸
220 4056 241 4077 ⁷
335 4065 452 4133 Ούδὲνα
473 4065 630 4152 δησοορδν
650 4066 839 4152 καταθήσειν
861 4065 968 4129 παισὶν
989 4063 1127 4146 ἄμεινον·

419 4177 556 4244 αἰτοῦσιν
577 4173 744 4260 δὀἷγαθοῖς
762 4173 899 4261 α’νδράσι,
919 4174 1030 4258 Κύρνε,
1053 4173 1139 4240 δίδου
1184 4245 1191 4256 ,γ
1259 4204 1261 4207 ·
