3036 4844
646 265 858 326 ‚23-

167 452 258 516 locos
276 452 462 521 Hesiodecs
485 457 645 539 expressit
665 462 699 521 et
718 456 872 524 Solonem
893 457 1042 523 imitatus
1064 464 1125 538 est,
1147 456 1249 524 Solon
1266 457 1346 544 Tyr·

167 569 278 630 taeum
291 567 327 647 ¹).
363 565 439 631 'Sed
461 572 537 632 utut
558 588 610 632 res
631 588 666 633 se
690 568 800 644 habet,
824 567 957 633 minime
978 568 1118 652 parodia
1141 575 1202 633 est.

256 675 303 740 Ut
333 676 387 740 hic
413 677 559 759 paullum
591 678 822 759 subsistamus,
853 700 918 761 quo
941 678 1064 742 diutius
1095 685 1129 744 et
1158 680 1347 746 accuratius

169 806 238 851 rem
269 786 434 869 delibero,
466 809 503 852 eo
531 790 636 872 magis
668 789 874 854 adversarios
909 809 1019 854 errare
1052 791 1132 854 mihi
1162 790 1346 874 persuadeo

170 900 436 980 argumentisque
457 900 506 962 uti
528 898 647 981 quibus
671 899 752 964 nihil
774 900 1027 966 demonstretur.
1070 899 1146 967 Hoc
1169 902 1347 986 praecipue

169 1008 258 1073 valet
276 1008 316 1072 de
339 1007 490 1073 formulis
513 1009 612 1091 epicis
636 1015 670 1075 et
690 1010 857 1094 elegiacis.
903 1010 993 1078 Satis
1016 1016 1131 1076 notum
1154 1019 1204 1077 est
1226 1011 1347 1096 elegio·

171 1120 316 1201 graphos
336 1120 369 1182 in
392 1120 590 1185 carminibus
611 1121 845 1205 componendis
861 1122 983 1205 passim
1001 1124 1111 1205 epicos
1127 1123 1220 1205 sequi
1236 1123 1347 1206 eisque

172 1249 257 1312 quae
285 1230 318 1293 in
341 1230 435 1312 poesi
465 1231 558 1312 epica
586 1252 646 1314 per
670 1238 721 1297 tot
749 1233 883 1297 saecula
905 1238 1084 1316 usurpatae
1110 1255 1216 1316 paene
1245 1233 1348 1298 obdu·

171 1346 307 1405 ruerunt
328 1339 477 1404 formulis
500 1341 559 1422 uti,
577 1342 753 1424 praecipue
776 1344 808 1406 in
829 1344 1028 1409 hexametro.
1073 1344 1215 1429 Egregie
1237 1350 1348 1410 autem

172 1451 213 1514 de
234 1471 382 1515 sermone
406 1451 498 1532 epico
522 1452 745 1535 exemplisque
761 1455 829 1519 eius
847 1454 935 1538 apnd
954 1454 1203 1539 elegicgraphos
1221 1461 1349 1521 exstans

172 1561 262 1626 tibus
292 1561 360 1643 egit
386 1560 521 1625 Renner
547 1561 632 1627 libro
661 1584 761 1646 supra
788 1572 1042 1630 commemorato
1074 1571 1117 1649 (p.
1139 1570 1180 1630 26
1200 1565 1278 1631 adn.
1301 1570 1346 1647 2);

173 1677 347 1756 praeterea
383 1693 452 1736 reni
484 1671 568 1738 bene
602 1675 756 1738 tractavit
785 1674 1012 1758 Kuellenberg
1039 1677 1073 1741 in
1104 1675 1235 1742 dissert.
1266 1699 1297 1760 q.
1328 1679 1348 1740 i.

172 1780 225 1848 ‘ds
244 1783 429 1848 imitatione
450 1781 675 1866 Theognidea'
698 1785 927 1866 (Argentorati
952 1791 1057 1867 1877).
1094 1786 1224 1853 Deinde
1241 1767 1351 1852 obser·

174 1917 250 1961 vare
280 1896 367 1975 licet,
393 1916 500 1978 neque
523 1916 722 1978 quemquam
744 1897 800 1979 qui
829 1899 920 1980 poesi
948 1898 1113 1981 elegiacae
1137 1918 1272 1981 operam
1297 1897 1349 1962 de·

175 2008 261 2073 derit
288 2009 350 2072 hoc
379 2005 529 2088 effugisse
553 2007 684 2088 opinor,
709 2008 797 2090 apud
818 2015 936 2091 poetas
958 2009 1121 2091 elegiacos
1148 2010 1228 2074 item
1251 2012 1352 2091 atquc

175 2118 263 2202 apud
297 2118 407 2201 epicos
443 2115 604 2199 paulatim
645 2122 771 2181 certum
806 2139 901 2183 usum
939 2119 1086 2200 dicendi,
1122 2119 1350 2197 elocutionem,

175 2229 367 2294 electionem
397 2226 570 2291 verborum
600 2231 633 2291 et
662 2227 931 2311 collocationem,
960 2230 1154 2314 praesertim
1182 2229 1218 2292 in
1238 2233 1352 2311 penta·

175 2345 280 2404 metro
314 2344 352 2402 ut
384 2344 504 2402 natura
539 2336 684 2419 ferebat,
722 2343 795 2403 crta
827 2361 898 2405 esse
931 2362 1017 2423 quae
1047 2341 1133 2406 alter
1168 2338 1210 2404 ab
1246 2337 1350 2402 altero

176 2451 367 2532 susceperit.
413 2449 488 2513 Hac
511 2448 551 2511 dc
573 2469 609 2513 re
632 2449 736 2514 multa
757 2450 853 2516 utilia
878 2453 988 2516 attulit
1008 2450 1098 2515 idem
1116 2448 1352 2530 Kuellenberg,

174 2562 352 2646 praecipue
373 2581 405 2642 p.
428 2563 469 2624 49
492 2582 563 2644 sqq.
609 2561 703 2646 Quae
727 2583 801 2626 cum
823 2562 869 2627 ita
886 2563 961 2643 sint,
984 2562 1012 2626 si
1032 2562 1065 2625 in
1081 2559 1263 2643 appendice
1282 2580 1353 2643 per·

142 2694 145 2701 ’
177 2693 314 2753 magnus
343 2671 508 2736 invenitur
532 2694 686 2737 numerus
713 2672 861 2736 locorum
885 2679 917 2736 et
937 2672 1154 2737 formularum
1177 2691 1261 2754 quae
1290 2671 1354 2736 etsi

178 2783 278 2849 etiam
306 2783 340 2846 in
363 2783 558 2851 collectione
580 2791 695 2850 nostra
715 2783 839 2848 maiore
863 2783 1040 2848 monstrari
1066 2790 1215 2866 possunt,
1243 2788 1353 2846 tamen

178 2895 373 2960 creberrime
397 2896 496 2961 etiam
515 2896 669 2978 leguntur
687 2893 775 2978 apud
798 2893 983 2960 Homerum
1005 2901 1037 2958 et
1060 2894 1180 2977 epicos,
1198 2889 1353 2956 Mimner-

178 3028 277 3088 mum,
300 3005 472 3089 Solonem,
507 3007 590 3072 alios
621 3006 799 3087 elegiarum
829 3006 1014 3089 scriptores,
1046 3003 1182 3069 dubium
1209 3025 1274 3068 non
1305 3008 1355 3069 est

178 3119 258 3202 quin
287 3118 338 3181 his
364 3116 444 3182 locis
474 3118 692 3183 demonstrari
725 3137 790 3180 non
823 3116 928 3199 possit
961 3119 1130 3180 auctorem
1163 3113 1355 3197 appendicis

178 3228 299 3293 librum
329 3228 471 3311 primum
495 3227 697 3309 Theognidis
727 3226 834 3309 qualis
864 3247 951 3290 nunc
982 3231 1106 3307 exstat,
1138 3232 1215 3290 ante
1240 3223 1355 3297 oculos

178 3337 332 3402 habuisse
363 3336 494 3416 debere.
545 3338 661 3420 Atque
689 3337 752 3402 hoc
776 3337 914 3402 maxime
943 3333 1115 3402 Oorsenno
1143 3336 1223 3401 vitio
1252 3334 1356 3400 tribu·

180 3448 309 3531 endum,
333 3448 390 3530 qui
412 3468 487 3513 cum
509 3448 542 3512 in
557 3448 663 3531 prima
681 3456 775 3532 parte
803 3447 1042 3513 dissertationis
1066 3467 1145 3513 suae
1168 3453 1212 3530 (p.
1234 3447 1354 3526 4-24)

180 3564 313 3642 praeter
336 3579 374 3624 ea
395 3580 480 3641 quae
497 3558 652 3624 Rennero
676 3565 710 3625 et
731 3557 991 3643 Kuellenbergio
1014 3558 1115 3624 debet
1132 3559 1204 3641 ipse
1226 3576 1357 3642 quoque

180 3669 285 3735 multa
309 3669 374 3734 alia
395 3668 515 3734 similia
536 3670 587 3735 vel
611 3671 827 3752 congruentia
849 3691 966 3754 magna
988 3669 1154 3735 industria
1177 3667 1356 3752 collegerit,

181 3802 379 3867 quamquam
411 3787 547 3847 excusat
579 3803 644 3846 non
677 3783 786 3847 omnia
823 3803 907 3865 quae
948 3781 1150 3863 congesserit
1184 3778 1358 3863 plagiatori

182 3892 331 3977 exemplo
350 3892 450 3958 fuisse
473 3914 545 3958 sese
563 3893 706 3973 credere,
725 3899 836 3958 tamen
857 3893 939 3958 locis
960 3891 1107 3956 collectis
1122 3890 1164 3955 ad
1179 3889 1272 3955 illam
1288 3909 1358 3953 rem

180 4011 304 4071 utatur.

182 4123 499 4226 —WTheogn.
525 4158 591 4211 1197
615 4173 673 4225 sqq.
699 4181 730 4202 =
756 4155 823 4209 Hes.
841 4171 887 4224 op.
904 4157 955 4208 448
973 4171 1046 4223 sqq,
1064 4153 1169 4224 Theog.
1189 4153 1308 4208 rso-42
1327 4176 1358 4198 =

182 4243 240 4298 Sol.
259 4244 301 4310 lo,
318 4244 353 4297 65
370 4259 443 4313 sqq,
462 4241 566 4312 Theog.
585 4243 695 4307 air-42,
713 4243 748 4295 43
765 4257 825 4308 sqq.
844 4265 877 4284 =
896 4239 952 4294 Sol.
971 4244 995 4305 4,
1015 4242 1106 4294 l-ll.
