3036 4844
679 238 870 319 ..6-

187 432 254 495 ries
284 429 561 513 Polypaidis,
603 428 824 510 Theognidem
855 428 934 492 mihi
960 429 1110 510 persuasi
1139 428 1203 492 hoc
1232 427 1366 492 nomine

187 541 335 625 praefixo
368 541 503 622 elegiam
530 547 568 605 ut
598 562 689 604 suam
719 539 906 622 significare
928 538 1082 603 voluisse.
1125 537 1201 603 Hoc
1222 539 1270 602 ita
1293 558 1366 602 esse

189 653 288 717 etiam
312 653 416 734 magis
434 653 509 721 inde
529 652 658 716 elucere
674 656 766 734 puto,
789 650 877 732 quod
899 671 965 714 non
985 670 1059 713 raro
1082 649 1116 712 in
1137 669 1201 713 uno
1225 648 1368 713 carmine

188 764 252 828 duo
273 771 372 847 poeta
394 763 527 827 nomina
551 763 680 845 posuit,
710 761 800 826 velut
831 761 964 825 nomina
987 758 1088 842 Cyrni
1116 766 1150 823 et
1171 759 1367 843 Polypaidis

188 876 366 938 coniuncta
387 879 522 956 praeter
544 895 591 937 vv.
611 877 736 937 le-ae·
757 873 855 936 etiam
878 874 1022 951 53-60,
1056 873 1221 950 183-92,
1248 891 1367 936 nomen

187 983 289 1068 Cyrni
312 985 363 1048 bis
388 987 532 1064 69-72,
558 987 724 1062 173-78,
753 986 910 1046 323-28.
953 980 1107 1048 Concedo
1133 988 1265 1063 poetam
1290 1002 1368 1046 eou-

188 1095 298 1160 silium
338 1116 433 1159 suum
464 1115 529 1158 non
561 1102 675 1176 aperte
704 1093 888 1173 enuntiare,
920 1092 976 1157 sed
1006 1113 1065 1156 nos
1095 1093 1191 1175 quasi
1221 1091 1368 1156 divinare

187 1205 281 1271 velle.
326 1205 411 1269 Rem
434 1211 543 1268 autem
567 1203 684 1268 leviter
706 1205 902 1286 perstringit
920 1211 956 1268 ut
978 1205 1043 1267 iam
1066 1210 1190 1282 notam,
1212 1206 1251 1264 ut
1275 1199 1369 1264 adid

188 1317 361 1398 perveniat
384 1315 471 1396 quod
495 1313 635 1378 maxime
661 1316 690 1379 ei
717 1314 808 1379 cordi
836 1323 902 1396 est,
931 1314 972 1378 ad
1005 1314 1149 1378 animum
1181 1312 1297 1376 civium
1320 1310 1368 1372 iu·

189 1433 319 1507 gratum
342 1424 604 1507 vituperandum.
651 1422 900 1489 Obscuritatem
924 1431 1034 1489 antem
1064 1423 1158 1487 illam
1186 1423 1214 1486 si
1237 1422 1310 1503 quis
1333 1422 1368 1485 iu

189 1538 355 1601 sententia
376 1557 450 1599 mea
472 1534 701 1618 reprehendat,
725 1535 849 1599 crimen
870 1535 1084 1600 obscuritatis
1101 1533 1192 1599 cadit
1212 1533 1313 1596 etiam
1336 1532 1370 1595 in

191 1668 245 1712 eos
277 1649 334 1730 qui
363 1647 561 1710 sententiam
592 1647 793 1710 contrariam
824 1653 1016 1729 sequuntur.
1060 1645 1127 1711 Ubi
1156 1643 1241 1708 enim
1270 1648 1371 1725 poeta

191 1757 287 1820 dicit:
318 1752 450 1822 ‘Nemea
476 1758 657 1842 Theopaidis
688 1759 814 1842 siparum
842 1754 936 1821 esto’?
980 1756 1086 1821 immo
1109 1755 1187 1819 hoc:
1224 1751 1371 1838 ιδι’ριιιιιιι

194 1868 350 1953 quoddam
379 1869 522 1934 adhibebo
552 1889 611 1953 qao
640 1871 784 1932 carratae
816 1867 997 1951 Tlreoyaidc'e
1026 1869 1162 1950 proprio
1191 1861 1370 1948 apparabit'.

190 1979 319 2044 Iniuria
339 1981 441 2062 igitar
460 1981 618 2062 Hartuug
649 1985 682 2044 et
704 1978 838 2058 Sitzler,
869 1978 926 2060 qui
956 1976 1049 2041 illam
1079 1997 1179 2060 quam
1209 1975 1370 2059 explicavi

190 2092 385 2159 senteutiam
408 2092 635 2174 protulerunt,
664 2089 879 2153 obscuritatis
910 2088 1078 2153 tollendae
1107 2108 1208 2153 causa
1239 2106 1369 2150 versum

193 2206 233 2265 19
258 2202 531 2284 depravaverunt,
555 2200 609 2265 ille
633 2200 751 2263 audaci
774 2199 964 2262 coniectura
986 2195 1100 2279 (ὄνομα
1121 2219 1181 2281 pro
1201 2196 1259 2279 μὲν
1276 2195 1369 2278 ἐμοί),

191 2313 243 2376 hic
266 2310 467 2375 intolerabili
489 2309 761 2391 interpretatione
791 2308 883 2373 verbi
909 2307 1021 2393 Κύρνε,
1052 2309 1124 2374 scil.
1153 2307 1190 2372 τό
1218 2307 1321 2390 Κύρνε
1333 2308 1370 2392 1).

277 2419 421 2505 Cyrnum
445 2428 565 2502 autem,
598 2428 634 2484 ut
656 2441 709 2484 res
732 2420 921 2485 notissimas
944 2441 1028 2502 quas
1050 2425 1161 2484 tamen
1186 2418 1372 2501 praeterire

191 2532 332 2596 hicnon
355 2533 442 2606 licet,
466 2533 610 2617 breviter
632 2551 873 2614 percurramus,
896 2551 966 2595 esse
986 2551 1104 2594 nomen
1127 2529 1295 2612 proprium
1321 2548 1372 2594 eo·

194 2663 257 2735 que
297 2642 456 2725 appellari
496 2664 634 2726 puerum
668 2642 832 2725 quendam
865 2640 1010 2706 nobilem
1043 2640 1272 2722 Megarensem
1305 2639 1373 2704 fere

194 2775 306 2818 omnes
333 2755 393 2816 viri
415 2753 506 2818 docti
529 2756 743 2819 consentiunt
753 2755 789 2835 2).
833 2751 987 2817 Eundem
1011 2773 1081 2817 esse
1103 2750 1248 2835 Cyrnum
1271 2756 1374 2832 atque

191 2863 410 2949 Polypaidem
432 2868 647 2929 vv.183-92
670 2867 721 2930 vel
751 2864 890 2930 maxime
915 2863 1052 2944 docent,
1082 2884 1156 2927 cum
1185 2861 1372 2926 coniunctio

194 2999 244 3042 vv.
261 2982 300 3041 25
323 2986 356 3042 et
376 2981 416 3041 57
441 2977 548 3040 minus
574 2985 668 3041 arcta
691 2977 734 3040 sit
745 2978 784 3062 ³).
829 2974 975 3041 Puerum
1000 2981 1111 3039 autem
1135 2994 1206 3038 esse
1227 2971 1375 3055 Cyrnum

283 3184 305 3250 ¹)
325 3181 407 3250 Quod
424 3182 485 3235 iure
502 3181 601 3234 reiecit
620 3179 752 3234 immisch
770 3197 797 3248 p.
807 3180 841 3232 95
859 3179 922 3232 adu.
937 3180 959 3231 l.

280 3266 303 3334 ⁹)
324 3267 455 3320 Welclrer
472 3267 568 3333 κύρνος
586 3267 786 3334 appellativum
805 3281 863 3317 esse
876 3264 965 3317 voluit
983 3279 1037 3330 quo
1056 3262 1247 3316 adulescentes
1265 3259 1374 3313 nobiles

193 3352 398 3421 Megarensium
421 3351 615 3420 significentur
637 3351 676 3418 (p.
699 3348 854 3412 XXXIII).
898 3348 987 3419 Quem
1011 3364 1028 3400 a
1050 3347 1264 3402 Schneidewino
1293 3363 1321 3415 p.
1341 3344 1374 3398 bb

195 3437 349 3491 refutatum
368 3438 441 3490 solus
460 3436 564 3490 Sitzler
582 3440 693 3488 secutus
712 3438 755 3487 est
772 3453 800 3503 p.
812 3435 854 3487 29.
891 3433 932 3487 of.
952 3432 1047 3486 Hiller
1064 3451 1092 3501 p.
1104 3435 1163 3486 478.

281 3522 301 3586 ³)
320 3523 413 3576 Etiam
431 3522 503 3574 hanc
513 3520 681 3574 sententiam
693 3536 749 3572 non
761 3518 937 3589 probabilem
953 3518 1093 3573 Welckeri
1112 3516 1287 3588 (po-011)
1306 3533 1376 3569 unns

194 3610 294 3663 Sitzler
313 3608 423 3677 accepit
440 3607 527 3676 proll.
552 3625 579 3675 p.
593 3607 628 3659 28
651 3608 824 3675 argumentis
849 3604 979 3674 permiris
998 3621 1062 3657 usus
1081 3603 1193 3671 (merito
1212 3603 1376 3656 adversatur

193 3695 286 3749 Hiller
304 3695 321 3748 l.
341 3711 364 3749 c.
389 3711 417 3762 p.
436 3696 510 3762 473).
540 3692 667 3746 Eandem
686 3707 745 3745 rem
763 3691 918 3745 accuratius
937 3691 1073 3744 tractarit
1090 3689 1119 3741 in
1133 3688 1296 3755 quaestione
1314 3705 1340 3755 q.
1359 3687 1376 3739 i.

194 3780 312 3836 Studien
342 3796 407 3833 ram
439 3778 567 3847 Eleyilcar
598 3776 733 3846 Theognis
765 3778 877 3847 (Proyr.
907 3793 931 3829 o.
963 3771 1266 3838 Taubcrbieclroselrcim
1298 3772 1375 3839 1885)

195 3885 222 3936 p.
234 3867 265 3919 15
274 3883 342 3935 sqq„
367 3882 422 3918 non
446 3864 551 3917 maiore
577 3867 686 3916 eventu.
723 3863 798 3917 Vide
817 3862 957 3915 Hillerum
971 3858 1114 3913 Forteclrr.
1133 3855 1258 3911 aalma
1277 3856 1376 3910 Alteri.

196 3953 262 4005 1888
288 3970 315 4021 p.
331 3953 386 4007 139.
412 3981 446 3988 -
469 3947 653 4016 Polypaidem
677 3949 900 4019 patronymicum
925 3944 1012 4012 Cyrni
1038 3959 1098 3995 esse
1120 3941 1227 4009 primus
1253 3939 1376 3991 dilucide

195 4035 390 4090 Schneidewin
409 4035 612 4088 demonstravit
629 4037 732 4104 (p.50).
762 4033 890 4103 Quocum
908 4044 997 4099 paene
1015 4043 1110 4080 omnes
1127 4025 1211 4078 hodie
1229 4024 1283 4075 viri
1301 4023 1376 4077 docti

196 4122 317 4187 faciunt,
347 4125 379 4174 ut
405 4120 500 4188 Bergk
525 4119 759 4189 Lilcrataryeeclr.
784 4114 817 4170 II
843 4133 869 4183 p.
883 4116 934 4167 880
958 4112 1020 4165 adn.
1038 4111 1085 4174 85,
1115 4109 1182 4165 Sittl
1210 4107 1305 4165 Gaecb.
1329 4109 1378 4164 dar

196 4206 296 4278 yrieelr.
315 4205 373 4259 Lat.
392 4205 408 4258 I
426 4223 452 4274 p.
462 4208 521 4269 262,
541 4206 596 4259 alii.
