3036 4844
642 269 860 329 -10-

168 460 322 526 oouoinne
345 460 520 528 coniuncta
542 466 628 527 sunt.
665 460 887 544 Quamobrem
907 478 971 526 uon
994 477 1168 542 possumus
1192 461 1340 544 cogitare

168 575 276 642 locum
300 576 443 658 priorem
468 575 509 642 ex
528 576 710 659 posteriore
732 576 766 641 iu
783 579 958 658 angustum
976 574 1161 650 deductum,
1185 575 1244 642 sed
1265 596 1339 644 oum

166 691 317 758 Jordano
340 692 384 777 (p.
404 692 458 775 12)
486 691 625 773 aliisque
653 691 792 758 disticho
820 689 960 757 insiticio
990 696 1124 757 auctum
1147 710 1220 758 esse
1243 699 1341 774 puta·

169 807 286 874 bimus.
321 808 400 874 Jam
417 808 589 874 videamus
607 807 696 890 prius
713 807 876 874 distichon
892 826 923 873 v.
938 811 1079 872 57-58.
1115 807 1200 874 Cum
1215 827 1341 874 novum

169 924 373 991 enuntiatum
401 940 422 990 a
449 925 559 991 verbis
585 925 633 986 rod
655 929 703 986 νῦν
728 925 777 987 etc'
803 923 903 1006 drudo!
926 942 1030 1005 neque
1057 923 1201 1006 incipere
1227 931 1342 1007 posset

169 1045 203 1105 et
236 1058 367 1107 summa
397 1060 524 1122 eornm,
552 1058 636 1123 quae
664 1039 878 1123 praecedunt,
907 1040 940 1106 in
968 1059 1068 1106 uuum
1092 1060 1224 1114 versum
1253 1048 1342 1109 esset

168 1157 403 1238 contrahenda,
443 1164 476 1224 ot
513 1155 686 1223 vocativus
724 1153 907 1239 Πολυπαῖδη,
945 1160 1059 1237 utpote
1097 1154 1153 1237 qui
1195 1157 1338 1238 plurium

168 1277 257 1338 esset
280 1275 484 1356 syllabarum
509 1271 698 1340 abiciendus
726 1270 776 1338 et⁴
799 1271 1043 1339 vicissitudines
1072 1256 1149 1338 illae
1177 1273 1276 1339 alium
1302 1273 1334 1338 in

169 1387 315 1453 ordinem
354 1375 543 1454 referendae
582 1393 684 1454 erant.
740 1387 779 1453 In
815 1387 920 1454 altero
960 1386 1099 1454 disticho
1134 1388 1331 1454 Hermanum

169 1503 404 1585 Schneidewin,
421 1504 477 1585 qui
492 1509 713 1586 permutatam
731 1504 952 1570 membrorum
968 1510 1170 1570 structuram
1186 1503 1334 1586 praefert,

168 1618 262 1698 sequi
285 1619 367 1685 adeo
390 1639 454 1686 non
478 1639 612 1703 possum
635 1625 673 1685 ut
694 1619 800 1685 verba

369 1760 518 1848 (ἂλήλνυς
541 1762 566 1824 δ’
592 1766 735 1826 ἀπατῶσιν
760 1761 803 1824 ἐπ’
829 1761 981 1848 ἀλλήλοισι
1004 1762 1146 1844 γελῶντες

168 1903 263 1970 unice
288 1913 368 1971 ver'a
390 1911 512 1990 putem.
560 1906 624 1989 Qui
648 1925 781 1973 sensum
804 1924 868 1971 non
891 1923 1026 1987 prorsus
1050 1906 1205 1972 obtusum
1229 1906 1338 1987 habet,

168 2019 202 2086 id
218 2021 305 2101 quod
328 2041 492 2089 summum
518 2027 579 2105 est,
602 2021 678 2089 illos
700 2021 786 2088 inter
809 2041 844 2088 se
868 2021 1018 2102 decipere
1041 2022 1142 2087 verbo
1166 2021 1339 2088 dicendum

169 2153 241 2202 esse
266 2136 364 2218 idque
392 2136 553 2204 hilaribus
578 2143 675 2220 atque
699 2136 797 2204 laetis
813 2135 962 2203 vultibus
986 2135 1056 2202 fieri
1074 2142 1151 2217 apte
1167 2136 1339 2219 participio

169 2249 309 2332 exprimi
333 2270 429 2332 posse
453 2252 636 2334 perspiciet.
901 2239 904 2245 ’

260 2366 356 2450 Quod
383 2387 461 2433 vero
490 2366 541 2432 vir
576 2367 691 2434 doctus
720 2373 835 2452 μνήμην
862 2368 896 2434 in
923 2386 1023 2434 versu
1049 2373 1134 2433 1114
1165 2368 1340 2451 genuinam

170 2482 369 2565 scripturam
380 2485 529 2565 putabat,
542 2502 607 2550 nou
616 2481 751 2563 invenit,
762 2488 920 2564 quantum
931 2481 1037 2563 video,
1050 2482 1106 2564 qui
1116 2483 1340 2549 assentiretur.

170 2599 257 2664 Nam
281 2617 414 2665 versum
439 2603 513 2679 798,
537 2597 631 2664 ouius
655 2597 697 2664 ad
722 2598 893 2680 exemplar
914 2617 946 2663 v.
967 2603 1051 2663 1114
1075 2599 1202 2666 effictus
1227 2605 1287 2681 est,

384 2747 440 2804 τῶν
465 2741 496 2804 δὲ
519 2747 615 2817 κακῶν
639 2746 738 2827 μνήμη
762 2743 878 2825 ripeta
902 2740 1016 2823 οὐδεμία

169 2886 321 2953 huonon
344 2886 509 2967 quadrare
532 2904 626 2952 nemo
650 2905 714 2953 non
737 2885 837 2967 videt,
863 2884 918 2967 qui
940 2885 1169 2951 hexametrum

382 3026 449 3099 τοὺς
471 3028 596 3112 ἀγαθοὺς
619 3029 709 3099 ἄλλος
732 3029 812 3112 μάλα
835 3029 984 3114 μέμφεται,
1008 3028 1098 3097 ἄλλος
1122 3027 1226 3090 ἐπαινεῖ

171 3170 296 3255 legerit.
332 3173 407 3237 Non
430 3171 516 3237 enim
539 3173 750 3254 Megarenses
774 3169 1014 3253 vituperantur,
1038 3170 1125 3251 quod
1148 3189 1209 3236 neo
1232 3171 1346 3252 probi--

171 3287 250 3353 tatis
285 3306 390 3368 neque
423 3287 645 3370 improbitatis
680 3305 842 3352 memores
877 3283 957 3365 siut,
992 3284 1050 3351 sed
1089 3285 1176 3366 quod
1212 3285 1342 3352 omnino

172 3402 323 3469 exuerint
338 3403 387 3468 ias
404 3403 560 3484 nefasque
576 3403 631 3486 (oi.
642 3403 666 3469 J
668 3401 809 3469 oachimi
823 3401 1007 3470 Oanrerarii
1023 3400 1342 3484 interpretationem:

172 3518 221 3580 οὐκ
245 3518 419 3600 ἐπιστάμενοι
442 3518 556 3605 διορίσαι
578 3520 614 3580 τά
633 3520 722 3588 ὄντως
738 3517 833 3600 ἀγαθὰ
848 3517 895 3580 καὶ
910 3524 995 3592 κακά,
1010 3535 1110 3599 quam
1127 3516 1343 3599 praeferimus

172 3633 337 3701 Welokeri
361 3633 542 3700 sententiae
567 3654 597 3715 p.
614 3633 696 3699 XLI
718 3633 932 3715 praefationis
952 3632 1214 3716 interpretantis:
1238 3651 1344 3713 neque

172 3770 210 3817 eo
232 3751 340 3818 animo
356 3749 424 3816 iam
440 3769 526 3816 nunc
541 3750 662 3830 vivere,
687 3768 750 3831 quo
767 3750 930 3831 plebeium
955 3749 1080 3828 deceat,
1104 3767 1208 3829 neque
1232 3754 1344 3814 tamen

172 3867 299 3934 nobiles
319 3867 456 3934 induise.
492 3867 607 3947 Neque
622 3866 729 3949 magis
746 3883 920 3949 possumus
937 3864 1068 3931 Oauero
1085 3863 1269 3946 astipulari,
1287 3864 1344 3944 qui

172 4003 203 4065 p.
222 3990 262 4050 31
288 3989 322 4050 et
344 3988 386 4050 33
415 3982 532 4065 libelli,
558 4001 654 4064 quem
683 3987 786 4064 supra
812 3978 994 4058 nominavi,
1023 3978 1087 4040 οὔτε
1109 3984 1204 4040 κακῶν
1229 3980 1344 4060 γνώμας

173 4099 277 4169 εἰδότες
300 4100 357 4163 οὐτ’
382 4101 498 4185 ἀμαθῶν
526 4098 775 4180 interpretatur:
811 4095 874 4160 Die
902 4093 1008 4159 nichts
1037 4112 1101 4160 von
1130 4093 1191 4160 den
1224 4094 1344 4160 Recht-

173 4217 337 4297 spruohen
372 4214 430 4282 der
457 4215 563 4282 Edlen
591 4213 657 4281 und
687 4192 868 4280 Gemeinen
896 4192 1064 4292 wussten.)
1111 4210 1205 4294 Quae
1234 4208 1346 4305 omnip

245 4410 255 4449 ¹
276 4413 311 4465 ci.
332 4411 502 4466 Heimsoeth
520 4410 674 4464 Emendat.
694 4405 857 4475 Theognid.
877 4406 931 4469 ΙΙΙ,
951 4422 979 4473 p.
993 4410 1018 4459 d.
