3036 4844
677 284 897 347 ..34-

201 480 347 562 -1278,
386 480 504 561 quibus
542 479 705 547 sententia
742 479 782 546 de
821 494 935 544 amore
974 476 1144 542 sollemnis
1179 463 1372 564 continetur,

200 595 304 663 additi
333 595 399 662 sint
426 595 558 663 difficile
586 599 637 662 est
664 595 708 661 ad
736 592 919 660 dicendum.
968 591 1128 675 Quamvis
1156 573 1237 658 nih'il
1263 591 1298 658 in
1325 590 1373 658 eis

199 712 290 794 insit.
312 711 398 794 quod
422 712 465 779 ad
487 730 664 795 puerorum
689 729 835 777 amorem
855 707 971 775 referri
991 708 1099 790 debet,
1123 712 1235 774 tamen
1251 707 1375 774 erotica

200 828 364 910 quaedam
405 828 456 895 uis
495 827 543 894 eis
575 827 736 895 attributa
767 825 905 908 ideoque
937 823 1088 892 versibus
1124 823 1229 891 additi
1261 824 1374 892 viden·

201 948 267 1026 tur,
298 944 332 1009 in
363 943 480 1025 quibus
512 943 553 1010 do
584 961 696 1019 amore
729 942 848 1025 agitur.
898 939 1076 1007 Accuratis
1104 939 1191 1006 enim
1215 939 1375 1008 Oorsenni

201 1058 446 1141 quaestionibus
470 1063 599 1126 constat
622 1057 813 1142 appendicis
834 1062 1002 1124 auctorem
1024 1055 1166 1140 epriore
1183 1055 1374 1123 collectione

201 1176 366 1257 permulta
388 1175 423 1241 in
445 1194 542 1243 usum
566 1194 663 1242 suum
680 1172 890 1240 convertisse.
929 1173 965 1239 Is
981 1178 1103 1255 eutem,
1120 1171 1175 1254 qui
1192 1178 1225 1239 et
1240 1173 1375 1256 integris

200 1290 352 1358 versibus
377 1295 409 1356 et
431 1309 585 1357 versuum
611 1290 762 1373 partibus
786 1294 819 1355 et
842 1288 970 1355 dicendi
993 1287 1143 1356 formulis
1164 1289 1207 1354 ad
1228 1287 1377 1355 carmina

201 1405 366 1472 amatoria
388 1407 562 1490 pangenda
584 1425 664 1472 usus
688 1409 747 1487 est,
772 1424 878 1471 nonne
901 1424 1057 1487 perverso
1080 1403 1188 1471 studio
1212 1404 1375 1472 adductus

200 1521 234 1588 id
263 1540 406 1604 quoque,
435 1522 522 1605 quod
551 1521 661 1604 aliquo
692 1521 788 1588 modo
818 1521 858 1587 de
885 1540 1062 1604 puerorum
1091 1540 1203 1588 amore
1230 1520 1376 1604 intellegi

201 1642 322 1719 potest,
358 1637 537 1721 arripuisse
572 1639 752 1705 censendus
788 1637 858 1704 est?
903 1637 959 1704 An
994 1657 1068 1704 eum
1097 1637 1240 1722 Bergkio
1276 1642 1376 1721 putes

202 1753 362 1820 distichon
391 1773 432 1820 ex
455 1754 588 1817 παιδικῶν
611 1755 777 1822 volumine
805 1753 839 1818 in
866 1753 1009 1836 priorem
1039 1755 1147 1819 locum
1176 1755 1375 1820 translatum
1484 1776 1485 1780 ¹

201 1871 292 1936 esse?
330 1870 396 1937 Vix
419 1871 626 1938 crediderim.

291 2014 382 2098 Quos
405 2033 522 2081 versus
546 2013 696 2094 sequitur
718 2013 891 2095 distichon,
916 2013 1004 2096 quod
1025 2013 1112 2079 idem
1137 2017 1188 2079 est
1210 2031 1293 2079 eor.
1311 2016 1376 2078 949

204 2135 329 2196 -950:

416 2243 527 2333 Νεβούν
552 2234 623 2317 ὑπὲξ
647 2244 765 2332 ἐλάφοιο
786 2245 864 2308 λέων
888 2244 929 2316 ὡς
953 2245 1018 2309 ἀλκὶ
1041 2247 1184 2316 πεποιθώς

415 2353 494 2413 ποσσί
517 2353 709 2438 καταμάρψας
732 2351 850 2433 αἵματος
872 2353 922 2415 οὐκ
946 2353 1029 2415 ἔπιον.

293 2503 378 2572 Sunt
401 2502 435 2568 hi
458 2523 574 2570 versus
598 2503 769 2569 exordium
794 2504 950 2587 longioris
975 2506 1108 2588 eelogae
1124 2505 1243 2587 prioris
1260 2507 1378 2572 cellec-

204 2619 317 2703 tionis‚
347 2638 431 2702 quae
460 2639 477 2685 e
504 2618 611 2686 tribus
639 2618 787 2686 distichis
816 2624 947 2687 constat
974 2639 1113 2703 eumque
1140 2641 1272 2705 versus,
1297 2640 1378 2704 quos

204 2736 355 2820 laudavi,
382 2736 529 2820 intellegi
556 2755 622 2803 non
650 2735 778 2818 possint
809 2735 872 2803 nisi
903 2742 974 2804 tote
1007 2738 1122 2822 ecloga
1153 2737 1379 2821 imprimisque

205 2853 320 2921 ultimo
354 2853 491 2920 disticho
524 2853 633 2936 lectis,
665 2858 772 2920 totam
804 2854 989 2921 exscribere
1021 2874 1085 2921 non
1118 2855 1378 2938 dedignabimur.

204 2969 319 3054 Pergit
340 2969 441 3054 igitur
463 2974 561 3051 poeta
584 2970 635 3035 his
658 2970 824 3037 versibus:

417 3112 536 3199 τειχέων
559 3112 709 3198 δ’ὐψηλιῖιν
734 3113 834 3198 ἐπιβάς
856 3113 936 3176 πολιν
960 3113 1009 3176 οὐκ
1033 3102 1172 3185 ἀλάπαξα

420 3209 600 3305 ζευξάμενος
621 3218 747 3290 δ’ἵππους
763 3223 896 3307 ἅρματος
918 3219 968 3282 οὐκ
992 3219 1098 3304 ἐπέβην

418 3315 533 3414 πρήξας
555 3326 633 3388 δὀὐκ
657 3315 770 3413 ἔπρηξα
792 3325 839 3389 καὶ
862 3326 911 3389 οὐκ
932 3326 1071 3390 ἐτέλεσσα
1093 3327 1214 3399 τελέσας

419 3433 528 3522 δρήσας
549 3433 628 3495 δὀὐκ
651 3432 761 3520 ἔδρησ’,
783 3435 876 3519 ἤνυσα
897 3434 975 3497 δὀὐκ
999 3435 1112 3506 ἀνύσας.

296 3577 402 3661 Quid?
426 3581 513 3659 quod
536 3577 596 3643 hos
617 3595 736 3644 versus
752 3576 965 3645 Camerarius
988 3578 1142 3662 aenigma
1165 3578 1332 3646 existimet
1348 3586 1380 3646 et

206 3694 362 3761 Weleher
388 3692 525 3759 Jacobsi
553 3693 749 3761 sententiam
778 3700 910 3763 secutus
943 3695 1139 3779 aenigmatis
1168 3715 1298 3763 sensum
1331 3696 1380 3763 ita

207 3809 323 3892 aperit,
347 3812 385 3875 ut
408 3810 494 3875 hunc
517 3828 646 3892 quoque
669 3810 777 3877 locum
801 3811 844 3877 ad
867 3811 961 3895 pueri
987 3830 1133 3878 amorem
1156 3813 1288 3878 referat.

296 3952 581 4037 Quotienscunque
605 3954 665 4019 hos
687 3973 805 4022 versus
827 3955 893 4039 legi
916 3955 1103 4022 Homericis
1127 3955 1306 4022 luminibus
1330 3955 1378 4023 di-

142 4093 144 4099 ’
208 4068 301 4136 cendi
325 4071 468 4150 ornatos,
492 4088 658 4151 nunquam
682 4069 767 4136 istuc
790 4070 946 4153 delapsus
969 4089 1058 4153 sum,
1087 4071 1173 4152 quod
1198 4071 1379 4138 doctissimi

206 4187 256 4253 illi
278 4185 342 4254 viri
364 4185 428 4253 sibi
451 4191 702 4268 persuaserunt,
731 4187 789 4252 sed
814 4186 1044 4254 existimabam
1073 4191 1107 4252 ct
1130 4187 1238 4254 adhuc
1261 4206 1378 4254 censeo

208 4320 279 4367 esse
303 4320 359 4369 eos
382 4320 499 4368 versus
515 4301 724 4385 Theognidis,
749 4301 804 4384 qui
829 4302 1056 4384 desperatione
1079 4303 1205 4371 fractus
1220 4323 1326 4385 neque
1345 4305 1379 4370 in

207 4417 340 4500 privata
373 4435 478 4497 neque
511 4417 546 4482 in
583 4418 717 4499 publica
754 4416 825 4490 vita
863 4417 926 4485 sibi
964 4419 1143 4503 quidquam
1181 4420 1379 4488 successisse
