3036 4844
643 303 865 364 ..28..;¹

329 495 360 565 ἐς
385 494 507 578 βάσανον
529 492 656 558 δ’ἐλόόνν
677 491 917 579 παρατριβομενός
940 514 971 555 τε
995 491 1130 577 μολόβδιρ

329 610 434 696 χρυσός
457 611 585 698 άπερβος
609 608 664 673 ἐὼν
687 609 777 679 καλός
799 612 900 672 ἅπασιν
924 607 977 691 ἕση

168 763 232 810 non
260 762 436 826 possumus
465 745 495 811 ei
527 744 717 826 astipulari,
750 743 812 809 etsi
829 741 996 808 'videmus
1031 742 1197 808 Hillernm
1232 739 1342 806 virum

168 859 394 927 doctissimum
420 859 454 926 in
482 859 672 944 anthologia
698 859 802 943 lyrica
829 863 1003 939 utrumque
1027 857 1189 924 distichon
1211 856 1341 924 dissua-

168 976 265 1042 dente
287 975 432 1058 Bergkio
456 975 674 1043 coniunxisse.
727 974 774 1041 Hi
797 992 915 1040 versus
940 978 1159 1039 1105—1106
1183 973 1341 1039 hocloco

168 1091 266 1172 plane
288 1110 353 1158 non
376 1096 453 1158 sunt
476 1091 656 1174 archetypi,
681 1090 740 1156 sed
762 1089 856 1155 foede
880 1087 1099 1155 consarcinati
1123 1108 1141 1155 e
1163 1109 1194 1156 v.
1217 1093 1283 1154 417

289 1224 320 1295 ἐς
344 1223 468 1308 βάσανον
490 1222 616 1287 δ’ἐλόὼν
639 1222 846 1310 παρατρόβομαι
869 1223 944 1285 ὥστε
968 1221 1103 1316 μολόβόιρ
1126 1225 1232 1308 χρυσός

167 1347 200 1406 et
221 1360 253 1407 r.
269 1346 350 1407 450:

286 1454 415 1541 εὑρήσεις
438 1455 470 1518 δέ
494 1477 530 1539 με
552 1463 635 1518 πᾶσιν
659 1453 703 1517 ἐπ’
729 1454 862 1541 ἕρημασιν
885 1453 980 1539 ὥσπερ
1004 1452 1132 1539 ἄπερβον

283 1573 399 1656 χρυσόν,
423 1570 542 1657 ἐρυθρόν
565 1570 631 1634 ἰδεῖν
654 1569 817 1656 τριβόμενον
842 1569 967 1654 βασάνῳ.

256 1711 387 1779 Talium
403 1732 569 1796 versuum,
591 1713 647 1794 qui
663 1712 934 1797 conglutinatoris
951 1729 1068 1777 manus
1084 1710 1243 1790 redolent,
1268 1729 1342 1776 cum

166 1846 226 1894 nos
241 1828 385 1910 taedeat,
403 1829 539 1896 moleste
555 1847 611 1895 eos
630 1826 1028 1911 repetitos'existimamus
1044 1845 1150 1908 neque
1167 1845 1342 1908 possumus

166 1944 229 2010 hoo
255 1944 327 2010 loco
356 1963 420 2010 non
449 1949 539 2010 stare
568 1943 771 2010 aWelckeri
795 1943 948 2025 partibus
971 1941 1117 2008 breviter
1140 1942 1182 2008 ad
1204 1946 1340 2008 ν.1127

166 2058 282 2145 (1105)
300 2058 503 2126 adnotantis:
528 2078 667 2141 puerum
690 2059 854 2143 intellege.
893 2058 967 2142 Quo
983 2057 1090 2140 magis
1106 2057 1341 2140 grandiloquus

166 2175 259 2241 locus
294 2178 382 2255 erat,
418 2193 456 2241 eo
492 2174 622 2241 facilius
656 2174 690 2239 in
718 2175 914 2241 deteriorem
941 2178 974 2239 et
1001 2173 1181 2240 iocularem
1209 2192 1341 2240 sensum

168 2289 434 2370 detorquebatur.
480 2290 534 2356 Ita
557 2290 656 2356 etiam
679 2290 790 2357 verbis
814 2310 832 2356 e
855 2289 1006 2356 versibus
1030 2294 1206 2355 417-418
1231 2282 1342 2372 petitis

168 2406 292 2472 abusus
319 2406 483 2472 ioculator
510 2406 704 2473 versificans
732 2409 840 2473 locum
869 2406 1128 2488 pulcherrimum
1154 2427 1214 2489 per
1245 2424 1342 2489 paro·

167 2520 255 2587 diam
280 2520 467 2603 corrupisse
488 2521 629 2588 videtur.

255 2636 366 2703 Aliter
388 2654 425 2704 se
448 2637 549 2704 habet
572 2637 763 2720 discrepans
786 2637 884 2704 lectio
909 2638 942 2702 in
964 2657 996 2703 r.
1022 2643 1199 2704 619-620

350 2769 479 2835 Πολλ’ἐν
502 2773 677 2859 ἀμηχανόησι
699 2771 862 2854 κολίνδομαι
886 2772 1043 2858 άχνόμενος
1064 2780 1121 2859 κῆρ

350 2889 440 2974 ἄκρην
462 2889 515 2974 γάρ
538 2889 634 2972 πενίην
658 2888 711 2975 οὐχ
736 2887 973 2975 ὑπερέδράμομεν,

168 3019 223 3102 qui
245 3020 332 3087 iufra
359 3027 435 3103 post
456 3040 488 3087 r.
515 3027 602 3087 1114
629 3022 663 3088 in
690 3021 785 3088 libris
812 3041 913 3088 manu
941 3021 1073 3105 scriptis
1101 3022 1150 3088 ita
1176 3021 1341 3088 immutati

169 3141 260 3202 sunt:

350 3240 456 3306 Πολλά
479 3242 684 3330 δ’άμηχανόησι
706 3243 869 3326 κολίνδομαι
894 3242 1051 3329 ἀχνύμενος
1073 3251 1129 3329 κῆρ

222 3430 224 3434 Α
350 3358 443 3445 ἀρχὴν
466 3361 519 3446 ηάρ
542 3361 639 3443 πενίης
663 3359 715 3446 οὐχ
739 3358 976 3446 ιἰπερεδράμομεν.

257 3499 352 3583 Quae
379 3501 489 3582 priore
517 3502 589 3567 loco
618 3502 770 3584 legrmtur
798 3519 881 3568 sana
909 3506 986 3569 sunt
1019 3520 1125 3584 neque
1160 3506 1198 3568 ut
1232 3503 1343 3570 verbis

169 3614 332 3697 corruptis
361 3615 555 3682 medicinam
585 3621 772 3698 quaereret,
801 3616 859 3683 sed
888 3622 925 3683 ut
957 3617 1191 3683 sententiarum
1223 3637 1343 3686 nexum

171 3731 334 3814 quendam
359 3732 514 3814 efficeret,
536 3731 647 3800 nescio
668 3733 741 3814 quis
761 3733 961 3816 particulam
981 3731 1012 3795 u
1035 3733 1219 3806 hexametri
1239 3735 1343 3802 imitio

168 3847 350 3915 obtrusisse
365 3847 511 3930 videtur,
534 3867 611 3915 nam
634 3847 815 3911 κυλίνδεσθαι
832 3849 861 3912 ἔν
876 3870 927 3911 τινι
950 3857 1038 3914 recte
1054 3847 1175 3916 dicitur
1190 3849 1229 3915 cf.
1246 3850 1342 3917 Pind.

167 3963 264 4048 Pytn.
280 3964 325 4046 ιι,
342 3969 384 4030 23

603 4052 633 4115 ἐν
656 4056 797 4139 πτερόεντι
820 4055 915 4139 τροχῷ

167 4202 259 4256 παντά
281 4193 477 4278 κυλινδόμενον
505 4212 550 4261 sc.
570 4183 691 4266 Ἰξίονα.Ι
735 4194 775 4260 In
802 4198 1008 4277 pentametro
1037 4200 1148 4262 autem
1182 4202 1240 4263 aut
1267 4216 1340 4262 cum

165 4309 315 4375 Jordano
335 4329 367 4391 p.
387 4316 425 4377 11
449 4310 484 4376 in
506 4308 647 4376 lectione
669 4306 778 4389 priore
802 4309 874 4375 loco
898 4315 931 4375 et
953 4308 987 4375 in
1009 4310 1043 4376 A
1066 4316 1100 4378 et
1121 4312 1155 4378 in
1172 4313 1201 4381 O
1216 4313 1342 4379 tradita

167 4422 376 4505 acquiescere
399 4441 576 4507 possumus
600 4428 659 4490 aut
680 4440 755 4489 cum
773 4423 1020 4493 Schneidewino
1036 4432 1131 4510 patre
1146 4434 1181 4494 et
1194 4426 1340 4510 Bergkio
