3036 4844
649 277 860 336 ..17-

253 469 356 537 Porro
378 472 457 552 post
480 490 526 533 vv.
552 469 668 546 118314
688 490 737 534 vv.
763 472 909 533 367-70
931 468 1070 535 subinde
1091 469 1215 535 addere
1236 469 1344 551 velim,

167 581 205 645 id
238 579 324 664 quod
354 579 482 645 codices
512 579 626 662 optimi
656 578 806 658 suadent,
838 598 910 643 cum
934 586 966 642 A
987 584 1021 645 et
1048 585 1072 644 0
1099 586 1174 663 post
1203 602 1232 644 v.
1263 584 1346 644 1184

171 711 282 758 versus
305 695 364 754 367
387 695 421 755 61
443 693 507 753 368
522 690 548 775 ¹)
570 694 735 771 repetant.
780 686 847 772 Qui
872 710 1037 755 connexus
1069 711 1220 756 versuum
1250 690 1345 755 libris

171 800 313 866 traditus
346 821 383 865 eo
418 799 634 864 confirmatur
668 799 756 883 quod
789 799 851 863 hoc
882 799 979 864 modo
1010 821 1124 865 sensus
1157 802 1345 885 aptissimus

171 910 323 976 efficitur.
373 910 494 993 Itaque
524 909 706 993 Bergkium
734 910 857 975 iniuria
887 908 1066 991 Brunckio,
1096 913 1151 994 qui
1178 913 1266 978 idem
1289 934 1345 976 vo·

172 1022 288 1102 luerat,
312 1020 464 1086 existimo
488 1021 733 1104 repugnavisse.
1300 1070 1307 1084 .

256 1131 308 1197 De
338 1153 385 1199 vv.
417 1135 566 1196 659-66
597 1131 739 1215 denique
766 1130 843 1198 Van
873 1130 932 1196 der
961 1132 1069 1216 Meyio
1099 1135 1259 1198 assentior
1291 1135 1347 1217 qui

168 1244 235 1309 illis
269 1262 381 1308 versus
419 1242 532 1327 169160
566 1243 783 1308 antecessisse
817 1263 880 1307 non
915 1243 1032 1309 inscito
1064 1245 1206 1309 coniecit
1239 1245 1347 1325 (Stud.

170 1344 294 1436 Theog.
328 1375 360 1437 p.
394 1355 451 1433 46)
463 1353 506 1432 2),
539 1353 627 1417 idem
661 1376 689 1419 v.
726 1358 785 1417 661
824 1374 889 1418 661
924 1354 993 1419 6166
1028 1355 1265 1437 probabilitate
1296 1357 1348 1419 καὶ

170 1467 289 1552 πρῆξαι
311 1465 455 1546 μέλλοντι
478 1465 633 1528 restituit.

256 1575 322 1642 Sed
356 1595 556 1658 quamquam
590 1574 741 1658 equidem
777 1582 886 1660 certus
925 1596 996 1638 sum
1032 1575 1071 1640 de
1111 1578 1347 1657 coniungendis

171 1708 219 1751 vv.
242 1690 391 1751 323-28
415 1692 448 1749 et
470 1690 650 1765 897-900,
676 1689 834 1765 337-50,
860 1687 973 1770 118314
997 1689 1208 1766 61367-70,
1236 1692 1348 1751 15960

172 1805 205 1862 61
236 1800 401 1877 669-66,
437 1818 502 1880 quo
533 1817 680 1861 connexu
718 1794 760 1858 ad
795 1814 906 1859 versus
937 1793 1119 1878 Oyrnianos
1149 1797 1243 1860 multi
1274 1799 1349 1861 novi

171 1907 356 1987 adduntur,
390 1914 500 1971 tamen
531 1927 595 1970 non
625 1905 755 1969 confido
787 1904 939 1968 omnibus
970 1905 1033 1969 hoc
1065 1928 1114 1971 me
1146 1910 1350 1989 persuasisse

171 2018 362 2084 lectoribus.
412 2016 540 2099 Quibus
569 2037 610 2080 ne
641 2017 723 2079 iram
753 2036 919 2095 moveam,
950 2037 1022 2079 cum
1047 2037 1148 2099 supra
1171 2037 1270 2100 quam
1293 2018 1350 2079 mi·

170 2130 259 2194 nimo
283 2148 417 2192 numero
437 2149 589 2193 versuum
613 2148 791 2211 eorumque
813 2127 1071 2192 certissimorum
1095 2150 1145 2192 me
1160 2133 1350 2191 contentum

170 2237 240 2304 fore
275 2239 498 2320 promiserim,
533 2240 613 2304 satis
647 2238 751 2303 habeo
785 2239 954 2320 postulare
989 2245 1025 2302 61
1055 2261 1101 2303 vv.
1134 2242 1282 2304 366-60
1317 2245 1350 2303 61

172 2354 247 2413 87-
258 2353 299 2412 92
322 2348 451 2430 singula
468 2351 615 2413 carmina
630 2337 737 2414 facero
754 2348 884 2412 ethaeo
904 2350 936 2412 16
954 2347 1129 2434 (1111116616
1147 2351 1351 2415 numeranda

172 2458 384 2524 concedatur.

257 2569 335 2634 Jam
366 2568 407 2634 de
431 2571 476 2634 eis
499 2569 647 2634 versibus
682 2569 856 2634 dicendum
888 2577 938 2635 est
967 2594 1028 2654 per
1057 2578 1162 2636 totam
1192 2572 1350 2656 syllogam

172 2681 295 2763 passim
318 2681 451 2764 sparsis,
474 2682 529 2763 qui
553 2682 662 2762 spatio
686 2682 784 2744 unius
808 2681 941 2746 distichi
965 2685 1162 2748 sententiam
1180 2684 1353 2747 continent

173 2791 229 2872 ita,
253 2798 290 2855 ut
307 2791 413 2874 primo
436 2791 555 2855 obtutu
578 2793 721 2873 speciem
744 2793 928 2856 sententiae
946 2792 1113 2875 perfectae
1131 2802 1164 2857 et
1180 2793 1352 2857 absolutae

173 2901 361 2984 praebeant.
407 2901 500 2984 Quae
531 2899 661 2985 ἐλεγεῖα,
693 2903 849 2985 quoniam
872 2903 1003 2984 saepius
1027 2903 1066 2966 de
1090 2903 1130 2966 iis
1153 2924 1261 2967 sermo
1284 2902 1350 2982 fiet,

176 3011 274 3077 liceat
286 3033 345 3095 pro
360 3012 518 3076 brevitate
530 3014 609 3077 mihi
626 3015 758 3078 nomine
774 3012 817 3075 ad
835 3015 920 3077 hano
935 3033 1003 3075 rem
1020 3012 1099 3077 ficto
1116 3013 1273 3076 monele
1283 3014 1352 3094 gia

176 3122 353 3205 appellare.
392 3121 542 3187 Fuerunt
564 3132 672 3188 autem
697 3124 752 3206 qui
776 3123 857 3188 baec
880 3145 915 3187 16
938 3143 1016 3186 vora
1039 3123 1185 3186 carmina
1206 3123 1354 3206 perfecta

174 3231 335 3297 ducerent
376 3230 668 3316 Theognidemque
714 3240 870 3316 putarent
914 3233 1100 3314 monelegia
1144 3235 1225 3298 talia
1267 3256 1353 3298 corn·

174 3343 331 3424 posuisse,
355 3351 392 3408 ut
413 3343 558 3408 116616611
575 3350 608 3409 61
623 3343 781 3423 Hiller·³).
829 3344 955 3411 Contra
976 3344 1109 3410 1661661
1131 3347 1188 3429 qui
1213 3345 1353 3410 frustula

177 3460 213 3517 et
248 3452 430 3535 fragmenta
463 3457 642 3520 carminum
676 3458 837 3520 maiorum
876 3456 1034 3520 haberent
1071 3456 1160 3520 velut
1197 3455 1306 3538 Bergk
1318 3457 1353 3535 ⁴).

263 3711 286 3779 ¹)
304 3710 410 3766 Versus
434 3712 485 3763 367
505 3710 572 3776 quin
591 3726 623 3762 66
640 3708 731 3762 forma
756 3711 885 3775 eligenda
903 3712 938 3764 sit
959 3715 1082 3777 qnamA
1106 3712 1206 3765 Oloco
1225 3712 1357 3765 inferiore

175 3796 287 3862 habent,
312 3803 378 3866 post
397 3797 553 3851 Usenerum
578 3794 728 3862 (Jahrbf.
747 3794 874 3848 1111111.
896 3798 961 3849 1878
980 3814 1006 3863 p.
1025 3799 1070 3863 69)
1094 3812 1176 3848 nemo
1200 3797 1254 3849 iam
1278 3796 1357 3848 dubi·

176 3882 256 3936 tabit.
291 3881 380 3936 Recte
399 3883 484 3935 etiam
510 3883 544 3935 de
569 3898 599 3933 re
616 3878 751 3933 Schaeser
775 3898 801 3947 11.
823 3883 854 3932 18
872 3897 912 3946 sq.
935 3880 1000 3947 (nisi
1019 3880 1094 3946 quod
1118 3879 1153 3931 de
1172 3880 1310 3948 particula
1329 3878 1357 3929 δέ

175 3966 244 4020 falso
263 3968 382 4036 iudicat)
400 3972 428 4021 et
447 3968 561 4021 Crusiua
580 3965 680 4019 Philol.
703 3968 765 4017 1891
785 3983 811 4032 p.
831 3968 881 4017 636
900 3976 956 4018 not.

263 4053 504 4122 1)11(161111616161
525 4055 566 4106 iili
591 4070 644 4105 van
664 4051 839 4104 Herwerden
864 4050 1047 4103 animadvers.
1072 4048 1107 4101 nd
1126 4048 1251 4120 Theogn.
1269 4068 1295 4119 p.
1314 4053 1357 4109 55.

263 4139 286 4207 ⁸)
305 4138 427 4192 Leutsoh
447 4140 475 4191 16
494 4138 594 4192 Ρ111161.
613 4136 699 4190 XXX
717 4153 745 4204 p.
768 4137 814 4187 129
833 4152 871 4201 sq.
891 4140 920 4188 et
940 4138 988 4188 196
1008 4152 1047 4203 sq.
1066 4134 1160 4192 Hiller
1178 4139 1195 4191 1.
1214 4155 1236 4192 6.
1255 4157 1282 4208 p.
1297 4141 1356 4193 478.

263 4225 286 4293 ⁴)
305 4225 376 4279 1166.
396 4223 487 4278 Rben.
504 4224 554 4279 111
571 4241 598 4292 p.
617 4225 676 4276 213.

1184 4330 1200 4379 ‘A
